{
  "campaign": {
    "id": "cmhajpaun0000okrlwg8vtx2p",
    "title": "Spring Movie Launch",
    "clientName": "Wicked Sister",
    "market": "AU",
    "category": "Frozen Desserts",
    "mode": "CREATE",
    "status": "COMPLETE",
    "createdAt": "2025-10-28T12:31:04.751Z",
    "updatedAt": "2025-11-10T20:06:06.186Z",
    "startDate": "2025-09-08T00:00:00.000Z",
    "endDate": "2025-12-31T00:00:00.000Z"
  },
  "context": {
    "id": "cmhajpaun0000okrlwg8vtx2p",
    "clientName": "Wicked Sister",
    "title": "Spring Movie Launch",
    "market": "AU",
    "category": "Frozen Desserts",
    "brandPosition": "DISRUPTOR",
    "mode": "CREATE",
    "status": "COMPLETE",
    "startDate": "2025-09-08",
    "endDate": "2025-12-31",
    "nowISO": "2025-11-11T06:58:59.462Z",
    "orientation": "LIVE",
    "briefRaw": null,
    "briefSpec": {
      "schema": "trudy.v4.brief",
      "briefVersion": 3,
      "client": "Wicked Sister",
      "brand": "Wicked Sister",
      "title": "Spring Movie Launch",
      "market": "AU",
      "category": "Frozen Desserts",
      "brandPosture": "DISRUPTOR",
      "primaryObjective": "Drive two-pack purchases and capture opted-in dessert fans before the Wicked film release.",
      "retailers": [
        "Coles",
        "Woolworths",
        "ALDI",
        "IGA",
        "7-Eleven"
      ],
      "activationChannels": [
        "GROCERY",
        "CONVENIENCE"
      ],
      "channelNotes": null,
      "retailerTags": [
        "GROCERY_COLES",
        "GROCERY_WOOLWORTHS",
        "GROCERY_ALDI",
        "GROCERY_IGA",
        "CONVENIENCE_CHAIN"
      ],
      "retailerFocusNotes": null,
      "rewardPosture": "CHANCE",
      "tradeIncentive": null,
      "hook": "Win a Movie Ticket Instantly",
      "mechanicOneLiner": "Buy 2 products, upload receipts and discover instantly if you‚Äôve scored a movie ticket.",
      "heroPrizeEnabled": false,
      "heroPrize": null,
      "heroPrizeCount": null,
      "runnerUps": [],
      "typeOfPromotion": "INSTANT_WIN",
      "regulatedCategory": false,
      "ageGate": false,
      "startDate": "2025-09-08",
      "endDate": "2025-12-31",
      "calendarTheme": "Spring",
      "media": [
        "In-store",
        "Social",
        "Digital",
        "Influencer",
        "Retail Media"
      ],
      "assuredValue": false,
      "assuredItems": [],
      "majorPrizeOverlay": null,
      "proofType": "FULL_RECEIPT",
      "processingTime": "INSTANT",
      "entryMechanic": "Buy 2 qualifying products, upload receipt",
      "staffBurden": "ZERO",
      "ipTieIn": {
        "franchise": "Wicked",
        "theme": "For Good",
        "activationType": "FILM",
        "eventWindow": "November 2025",
        "partner": null,
        "notes": null,
        "licensed": true
      },
      "brandTruths": [],
      "distinctiveAssets": {
        "visual": [],
        "verbal": [],
        "ritual": []
      },
      "toneOfVoice": {
        "do": [],
        "dont": []
      },
      "nonNegotiables": [],
      "buyerTensions": [],
      "purchaseTriggers": [],
      "competitors": [
        "Streets",
        "Sara Lee"
      ],
      "budgetBand": null,
      "skuFocus": [],
      "audienceSummary": "Primary grocery buyers",
      "audienceAgeBand": "45-54",
      "audienceLifeStage": "Family builders",
      "audienceMindset": "They reward the family with purposeful treats that feel magical but still practical.",
      "audienceBehaviour": "Plans movie nights, shares dessert finds on social, responds to retailer app notifications.",
      "audienceSignals": [],
      "averageSellingPrice": null,
      "avgPrice": null,
      "expectedBuyers": null,
      "breadthPrizeCount": 2010,
      "totalWinners": 2010,
      "claimFieldsCount": null,
      "screens": null,
      "appOnly": false,
      "mechanicTypes": [],
      "visuals": [],
      "observed": {},
      "cashback": null,
      "gwp": null,
      "moneyBackGuarantee": null,
      "priceOff": null,
      "multiBuy": null,
      "loyaltyTier": null,
      "skillContest": null,
      "referral": null,
      "sampling": null,
      "tradeIncentiveSpec": null,
      "secondaryKpis": [],
      "isPortfolio": false,
      "brands": [],
      "brandPosition": "DISRUPTOR",
      "bannedMechanics": [],
      "bannerName": null,
      "brandNotes": null,
      "cadenceCopy": null,
      "rewardUnit": null
    },
    "assets": [],
    "timingWindow": "2025-09-08 ‚Äî 2025-12-31",
    "warRoomPrefs": {
      "allowHeroOverlay": true,
      "entryFrictionAccepted": true,
      "notes": null
    },
    "activationProfile": {
      "activationChannels": [
        "GROCERY",
        "CONVENIENCE",
        "DIGITAL"
      ],
      "channelNotes": null,
      "retailerTags": [
        "GROCERY_COLES",
        "GROCERY_WOOLWORTHS",
        "GROCERY_ALDI",
        "GROCERY_IGA",
        "CONVENIENCE_CHAIN"
      ],
      "retailerGroups": [
        "Grocery multiples",
        "Convenience & petrol",
        "Digital-first activation"
      ],
      "retailerBanners": [
        "Coles",
        "Woolworths",
        "ALDI",
        "IGA / Metcash",
        "Convenience chains (7-Eleven, NightOwl)",
        "IGA",
        "7-Eleven"
      ],
      "retailerNotes": null,
      "onPremise": false,
      "grocery": true,
      "convenience": true,
      "liquorRetail": false,
      "ecommerce": false,
      "event": false,
      "digital": true,
      "rewardPosture": "CHANCE",
      "assuredValue": false,
      "assuredItems": [],
      "majorPrizeOverlay": false,
      "zeroStaff": true,
      "staffBurden": "ZERO"
    },
    "audienceProfile": {
      "summary": "Primary grocery buyers",
      "ageBand": "45-54",
      "lifeStage": "Family builders",
      "mindset": "They reward the family with purposeful treats that feel magical but still practical.",
      "behaviour": "Plans movie nights, shares dessert finds on social, responds to retailer app notifications.",
      "signals": []
    }
  },
  "brief": {
    "snapshot": "Client: Wicked Sister\nTitle: Spring Movie Launch\nMarket: AU | Category: Frozen Desserts\nTiming: 2025-09-08 ‚Äî 2025-12-31\nOrientation: LIVE\nHook: Win a Movie Ticket Instantly\nMechanic: Buy 2 products, upload receipts and discover instantly if you‚Äôve scored a movie ticket.\nObjective: Drive two-pack purchases and capture opted-in dessert fans before the Wicked film release.\nRetailers: Coles, Woolworths, ALDI, IGA, 7-Eleven\nActivation channels: Grocery multiples, Convenience & petrol, Digital-first activation\nRetail focus: Grocery multiples, Convenience & petrol, Digital-first activation\nReward posture: Chance to win\nPromotion type: INSTANT_WIN\nTotal winners: 2010\nBreadth winners: 2010\nTie-in (licensed): Wicked ‚Äî For Good | type: FILM | window: November 2025\nRegulated category: No\nAge gate: No\nCalendar theme: Spring\nMedia: In-store, Social, Digital, Influencer, Retail Media\nEntry: Buy 2 qualifying products, upload receipt\nOps: FULL_RECEIPT ‚Ä¢ INSTANT ‚Ä¢ ZERO\nCompetitors: Streets, Sara Lee\nBrand posture: DISRUPTOR\nAudience: Primary grocery buyers\nAudience cues: Age 45-54 ¬∑ Family builders ¬∑ They reward the family with purposeful treats that feel magical but still practical. ¬∑ Plans movie nights, shares dessert finds on social, responds to retailer app notifications.",
    "rawText": ""
  },
  "narratives": {
    "framing": {
      "content": "Where the Demand Is\n\nSpring in Australia is a time of renewal and fresh starts. Consumers are drawn to lighter, indulgent treats as the weather warms up. The frozen dessert market is expanding, with a projected growth rate of 5.4% from 2024 to 2034 (Source: globalinsightservices.com). This growth is driven by a desire for convenient yet premium dessert options. As grocery shopping trends shift towards convenience and indulgence, Wicked Sister is well-positioned to capture attention with its movie-themed promotion.\n\nWho It‚Äôs For & What Stops Them\n\nThe primary audience includes grocery buyers who enjoy treating their families to indulgent desserts. They plan movie nights and share their dessert finds on social media. However, cost-of-living pressures can limit their spending on premium items (Source: retail.org.au). Health-conscious consumers might also hesitate, balancing indulgence with health considerations. These buyers seek value and convenience, making instant win promotions appealing.\n\nCompetitor Map\n\nStreets and Sara Lee are key competitors in the frozen dessert category. Streets maintains a strong presence with classic offerings, while Sara Lee focuses on indulgent, ready-to-serve desserts. Rokeby Farms, with its high-protein products, appeals to health-conscious consumers, potentially diverting attention from more indulgent options (Source: rokebynutrition.com). Wicked Sister's unique movie tie-in and instant win mechanic differentiate it by offering an experiential reward.\n\nBrand Lens (truth, codes to lean/break)\n\nWicked Sister embodies everyday indulgence, aligning with family movie nights through its movie-themed promotions. The brand breaks away from complex entry mechanics and single mega-prizes, focusing instead on instant wins and family rewards. Wicked Sister‚Äôs playful and exciting tone of voice emphasizes the thrill of winning, while its distinctive assets include movie-themed packaging and indulgent dessert messaging.\n\nThe Idea As It Stands\n\nThe current promotion invites consumers to buy two packs of Wicked Sister products for a chance to instantly win a movie ticket. This mechanic encourages multi-pack purchases, driving sales and engagement ahead of the Wicked film release. The instant win format is straightforward, appealing to consumers seeking immediate gratification.\n\nProposition Candidates\n\n1. Indulge in a Wicked Treat\n2. Win Your Movie Night\n3. Instant Movie Magic\n\nHooks (2‚Äì6 words)\n\nWin a Movie Ticket Instantly  \nIndulge and Win  \nMovie Night Magic  \n\nWhat We‚Äôd Lean On\n\nThe instant win mechanic is the promotion's backbone, providing immediate excitement and gratification. The tie-in with the Wicked film adds a layer of thematic engagement, appealing to families planning movie nights. The broad distribution across major retailers like Coles and Woolworths ensures visibility and accessibility.\n\nHypotheses for Evaluation\n\n1. The instant win mechanic will drive higher purchase volume due to its immediate reward.\n2. The movie tie-in will enhance brand engagement, particularly among families planning movie nights.\n3. The promotion will increase brand visibility and shelf presence in major retailers.\n\nEntry/Redemption (from brief): Buy 2 qualifying products, upload receipt\n\nOFFER_IQ (authoritative): verdict=REVIEW; score=4.9; hard_flags=none.",
      "raw": "Where the Demand Is\n\nSpring in Australia is a time of renewal and fresh starts. Consumers are drawn to lighter, indulgent treats as the weather warms up. The frozen dessert market is expanding, with a projected growth rate of 5.4% from 2024 to 2034 (Source: globalinsightservices.com). This growth is driven by a desire for convenient yet premium dessert options. As grocery shopping trends shift towards convenience and indulgence, Wicked Sister is well-positioned to capture attention with its movie-themed promotion.\n\nWho It‚Äôs For & What Stops Them\n\nThe primary audience includes grocery buyers who enjoy treating their families to indulgent desserts. They plan movie nights and share their dessert finds on social media. However, cost-of-living pressures can limit their spending on premium items (Source: retail.org.au). Health-conscious consumers might also hesitate, balancing indulgence with health considerations. These buyers seek value and convenience, making instant win promotions appealing.\n\nCompetitor Map\n\nStreets and Sara Lee are key competitors in the frozen dessert category. Streets maintains a strong presence with classic offerings, while Sara Lee focuses on indulgent, ready-to-serve desserts. Rokeby Farms, with its high-protein products, appeals to health-conscious consumers, potentially diverting attention from more indulgent options (Source: rokebynutrition.com). Wicked Sister's unique movie tie-in and instant win mechanic differentiate it by offering an experiential reward.\n\nBrand Lens (truth, codes to lean/break)\n\nWicked Sister embodies everyday indulgence, aligning with family movie nights through its movie-themed promotions. The brand breaks away from complex entry mechanics and single mega-prizes, focusing instead on instant wins and family rewards. Wicked Sister‚Äôs playful and exciting tone of voice emphasizes the thrill of winning, while its distinctive assets include movie-themed packaging and indulgent dessert messaging.\n\nThe Idea As It Stands\n\nThe current promotion invites consumers to buy two packs of Wicked Sister products for a chance to instantly win a movie ticket. This mechanic encourages multi-pack purchases, driving sales and engagement ahead of the Wicked film release. The instant win format is straightforward, appealing to consumers seeking immediate gratification.\n\nProposition Candidates\n\n1. Indulge in a Wicked Treat\n2. Win Your Movie Night\n3. Instant Movie Magic\n\nHooks (2‚Äì6 words)\n\nWin a Movie Ticket Instantly  \nIndulge and Win  \nMovie Night Magic  \n\nWhat We‚Äôd Lean On\n\nThe instant win mechanic is the promotion's backbone, providing immediate excitement and gratification. The tie-in with the Wicked film adds a layer of thematic engagement, appealing to families planning movie nights. The broad distribution across major retailers like Coles and Woolworths ensures visibility and accessibility.\n\nHypotheses for Evaluation\n\n1. The instant win mechanic will drive higher purchase volume due to its immediate reward.\n2. The movie tie-in will enhance brand engagement, particularly among families planning movie nights.\n3. The promotion will increase brand visibility and shelf presence in major retailers.\n\nEntry/Redemption (from brief): Buy 2 qualifying products, upload receipt\n\nOFFER_IQ (authoritative): verdict=REVIEW; score=4.9; hard_flags=none.",
      "sanitized": "Where the Demand Is Spring in Australia is a time of renewal and fresh starts. Consumers are drawn to lighter, indulgent treats as the weather warms up. The frozen dessert market is expanding, with a projected growth rate of 5.4% from 2024 to 2034 (Source: globalinsightservices.com). This growth is driven by a desire for convenient yet premium dessert options. As grocery shopping trends shift towards convenience and indulgence, Wicked Sister is well-positioned to capture attention with its movie-themed promotion. Who It‚Äôs For & What Stops Them The primary audience includes grocery buyers who enjoy treating their families to indulgent desserts. They plan movie nights and share their dessert finds on social media. However, cost-of-living pressures can limit their spending on premium items (Source: retail.org.au). Health-conscious consumers might also hesitate, balancing indulgence with health considerations. These buyers seek value and convenience, making instant win promotions appealing. Competitor Map Streets and Sara Lee are key competitors in the frozen dessert category. Streets maintains a strong presence with classic offerings, while Sara Lee focuses on indulgent, ready-to-serve desserts. Rokeby Farms, with its high-protein products, appeals to health-conscious consumers, potentially diverting attention from more indulgent options (Source: rokebynutrition.com). Wicked Sister's unique movie tie-in and instant win mechanic differentiate it by offering an experiential reward. Brand Lens (truth, codes to lean/break) Wicked Sister embodies everyday indulgence, aligning with family movie nights through its movie-themed promotions. The brand breaks away from complex entry mechanics and single mega-prizes, focusing instead on instant wins and family rewards. Wicked Sister‚Äôs playful and exciting tone of voice emphasizes the thrill of winning, while its distinctive assets include movie-themed packaging and indulgent dessert messaging. The Idea As It Stands The current promotion invites consumers to buy two packs of Wicked Sister products for a chance to instantly win a movie ticket. This mechanic encourages multi-pack purchases, driving sales and engagement ahead of the Wicked film release. The instant win format is straightforward, appealing to consumers seeking immediate gratification. Proposition Candidates 1. Indulge in a Wicked Treat\n2. Win Your Movie Night\n3. Instant Movie Magic Hooks (2‚Äì6 words) Win a Movie Ticket Instantly Indulge and Win Movie Night Magic What We‚Äôd Lean On The instant win mechanic is the promotion's backbone, providing immediate excitement and gratification. The tie-in with the Wicked film adds a layer of thematic engagement, appealing to families planning movie nights. The broad distribution across major retailers like Coles and Woolworths ensures visibility and accessibility. Hypotheses for Evaluation 1. The instant win mechanic will drive higher purchase volume due to its immediate reward.\n2. The movie tie-in will enhance brand engagement, particularly among families planning movie nights.\n3. The promotion will increase brand visibility and shelf presence in major retailers. Entry/Redemption (from brief): Buy 2 qualifying products, upload receipt OFFER_IQ (authoritative): verdict=REVIEW; score=4.9; hard_flags=none.",
      "meta": {
        "kind": "framing.v2",
        "behavioural_objective": "Drive two-pack purchases and capture opted-in dessert fans before the Wicked film release.",
        "tensions": [
          "Convenience vs indulgence",
          "Cost-of-living pressures",
          "Health-conscious choices"
        ],
        "audience": {
          "mindsets": [
            {
              "name": "Family Builders",
              "job": "Reward the family with purposeful treats that feel magical but still practical."
            }
          ]
        },
        "category_competition": {
          "tropes_to_avoid": [
            "Generic movie tie-ins"
          ],
          "spaces_to_own": [
            "Instant win excitement",
            "Family movie night"
          ]
        },
        "market_facts": [],
        "idea_core": [
          "Instantly win movie tickets",
          "Celebrate family movie nights"
        ],
        "proposition_candidates": [
          "Instant win excitement",
          "Family movie night magic"
        ],
        "hooks": [
          "Win a Movie Ticket Instantly",
          "Celebrate with Wicked Sister"
        ],
        "reasons_to_believe": [
          "Wicked Sister's indulgent desserts",
          "Exciting movie tie-in"
        ],
        "improvement_hypotheses": [
          "If reward is single-admit (e.g., one ticket), test pairing (two passes) to enable shared experience without inflating perceived cost.",
          "Default to a double pass so no one goes alone; optionally test Family or Gold Class tiers.",
          "Test a tight hero overlay (3 winners) aligned to the IP theme; keep breadth and cadence visible.",
          "Add a symbolic prize to enhance brand connection",
          "Highlight total winners to improve perceived odds"
        ],
        "prize_map": {
          "items": [
            "[object Object]"
          ],
          "has_symbolic_prize": false
        },
        "brand_truths": [
          "Wicked Sister offers everyday indulgence",
          "Aligns with family movie nights"
        ],
        "distinctive_assets": {
          "visual": [
            "Wicked Sister logo",
            "Movie-themed packaging"
          ],
          "verbal": [
            "Indulgent desserts",
            "Family rewards"
          ],
          "ritual": [
            "Sharing desserts during movie nights"
          ]
        },
        "category_codes": {
          "lean": [
            "Instant win promotions",
            "Family-focused marketing"
          ],
          "break": [
            "Complex entry mechanics",
            "Single mega-prizes"
          ]
        },
        "tone_of_voice": {
          "do": [
            "Be playful",
            "Emphasize excitement"
          ],
          "dont": [
            "Be overly complex",
            "Use technical jargon"
          ]
        },
        "non_negotiables": [
          "Instant win mechanic",
          "Movie ticket prize"
        ],
        "offer_iq": {
          "score": 4.9,
          "verdict": "REVIEW",
          "confidence": 0.45,
          "lenses": {
            "adequacy": {
              "score": 4.5,
              "why": "Expected buyers/entries not provided; adequacy judged via cadence and visibility.",
              "fix": "Add: expected buyers/entries and total winners, or show ‚ÄúTotal winners‚Äù and cadence in communications."
            },
            "simplicity": {
              "score": 6.5,
              "why": "Some admin implied (fields/proof or wait time).",
              "fix": "Keep claim one-screen; limit fields; good OCR; publish timelines."
            },
            "certainty": {
              "score": 4,
              "why": "Perceived odds unclear; cadence thin.",
              "fix": "Show cadence and ‚ÄúTotal winners‚Äù; avoid fine print that hides odds."
            },
            "salience": {
              "score": 4,
              "why": "Needs a visible moment or total-winners headline.",
              "fix": "Publish ‚ÄúTotal winners‚Äù and name the cadence; add a bold moment line."
            },
            "talkability": {
              "score": 5,
              "why": "Seasonal hook helps.",
              "fix": "Add a brand-right experiential or symbolic angle."
            },
            "retailerFit": {
              "score": 6,
              "why": "Ensure any adjudication is central; ship pre-packed POS.",
              "fix": "Keep staff script ‚â§5s; no in-store adjudication."
            },
            "brandFit": {
              "score": 5,
              "why": "Feels generic; weak brand lock.",
              "fix": "Lock line and visuals to distinctive assets and the brand‚Äôs functional truth."
            }
          },
          "hardFlags": [],
          "recommendations": [
            "Add: expected buyers/entries and total winners, or show ‚ÄúTotal winners‚Äù and cadence in communications.",
            "Keep claim one-screen; limit fields; good OCR; publish timelines.",
            "Publish ‚ÄúTotal winners‚Äù and name the cadence; add a bold moment line.",
            "Publish ‚ÄúTotal winners‚Äù and show cadence prominently."
          ],
          "asks": [
            "Provide expected buyers/entries (range)."
          ],
          "mode": "PRIZE",
          "diagnostics": {
            "valueAmount": 0,
            "aspAnchor": 100,
            "expectedBuyers": null,
            "totalWinners": 2010,
            "coverageRate": null,
            "cadenceSignals": false,
            "symbolicSignals": false,
            "headlineMax": 0,
            "banded": false,
            "overlay": false,
            "overlayExperiential": false,
            "overlayLabel": "",
            "researchBenchmarks": null,
            "cashbackVsMarket": "UNKNOWN",
            "heroVsMarket": "UNKNOWN"
          }
        },
        "research": {
          "brand": {
            "query": "The Wicked Sisters",
            "summary": "The Wicked Sisters is a Russian fairy tale collected by Alexander Afanasyev in Narodnye russkie skazki.",
            "facts": [
              {
                "claim": "Wicked Sister x Wicked ‚Äî Purchase any two packs of Wicked Sister Products for your chance to instantly win a movie ticket!",
                "source": "Source: wickedsisterwin.com.au (https://wickedsisterwin.com.au/)"
              },
              {
                "claim": "FAQs - Wicked Sister x Wicked ‚Äî Buy any 2 packs of Wicked Sister products in one transaction from a Woolworths store during the Woolworths Exclusive promotion period. Then go ...",
                "source": "Source: wickedsisterwin.com.au (https://wickedsisterwin.com.au/faq)"
              },
              {
                "claim": "Wicked Sister: Home Page ‚Äî Enjoy wickedly delicious desserts designed for everyday indulgence by Wicked Sister. Explore our wicked range, try recipes and find stockists here.",
                "source": "Source: wickedsister.com.au (https://www.wickedsister.com.au/)"
              }
            ]
          },
          "audience": {
            "notes": "Primary grocery buyers ‚Ä¢ They reward the family with purposeful treats that feel magical but still practical. ‚Ä¢ Plans movie nights, shares dessert finds on social, responds to retailer app notifications.",
            "facts": [
              {
                "claim": "Wicked Sister goes 'For Good' with new Wicked-inspired ... ‚Äî Chilled dessert brand Wicked Sister has launched limited-edition dessert pots inspired by Wicked: For Good film set to premiere next month.",
                "source": "Source: insidefmcg.com.au (https://insidefmcg.com.au/2025/10/13/wicked-sister-goes-for-good-with-new-wicked-inspired-desserts/)"
              },
              {
                "claim": "Paul Polly from Wicked Sister | Determined to succeed ‚Äî This is the story of Paul Polly and Wicked Sister desserts. Learn how he went from one pot to a $12 million factory.",
                "source": "Source: nab.com.au (https://www.nab.com.au/business/small-business/moments/business-progress/wickedsister)"
              },
              {
                "claim": "Wicked Sister bulks up protein pudding pack size ‚Äî With 15 grams of protein per serving and available in chocolate, strawberry, banana, along with a new vanilla flavour, these join the wider 170 ...",
                "source": "Source: foodanddrinkbusiness.com.au (https://www.foodanddrinkbusiness.com.au/new-in-store/wicked-sister-bulks-up-protein-pudding-pack-size)"
              }
            ]
          },
          "category": {
            "query": "Frozen dessert",
            "summary": "Frozen dessert is a dessert made by freezing liquids, semi-solids, and sometimes solids. They may be based on flavored water, on fruit pur√©es, on milk and cream, on custard, on mousse (semifreddo), and others. It is sometimes sold as ice-cream in South Asia and other countries.",
            "facts": [
              {
                "claim": "Frozen dessert is a dessert made by freezing liquids, semi-solids, and sometimes solids. They may be based on flavored water, on fruit pur√©es, on milk and cream, on custard, on mousse (semifreddo), and others. It is sometimes sold as ice-cream in South Asia and other countries.",
                "source": "Source: Wikipedia ‚Äî Frozen dessert (https://en.wikipedia.org/wiki/Frozen%20dessert)"
              },
              {
                "claim": "Australia Ice Cream Market Share, Growth & Forecast 2030 ‚Äî The Australia Ice Cream Market is projected to witness a CAGR of 2.95% for the forecast period between 2023 and 2030.",
                "source": "Source: marketsandata.com (https://www.marketsandata.com/industry-reports/australia-ice-cream-market)"
              },
              {
                "claim": "Australia Ice Cream Market Share, Size, Growth Report ‚Äî The Australia ice cream market, valued at AUD 1407.35 million in 2024, is projected to grow at 1.51% CAGR, reaching AUD 1634.90 million by 2034.",
                "source": "Source: expertmarketresearch.com.au (https://www.expertmarketresearch.com.au/reports/australia-ice-cream-market)"
              },
              {
                "claim": "Frozen Desserts Market Size, Growth, Trends and Forecast ‚Äî Frozen Desserts Market is anticipated to expand from $112.9 billion in 2024 to $191.5 billion by 2034, growing at a CAGR of approximately 5.4%.",
                "source": "Source: globalinsightservices.com (https://www.globalinsightservices.com/reports/frozen-desserts-market/)"
              },
              {
                "claim": "Frozen Desserts ‚Äî Frozen Desserts ; $9.00. $2.40 / 100G. Sara Lee Chocolate Swirl Bavarian 375g. Promoted ; $7.20. $9.00 $2.00 / 100G. Sara Lee French Cream Cheesecake 360g. 4.5 / ...Read more",
                "source": "Source: woolworths.com.au (https://www.woolworths.com.au/shop/browse/freezer/frozen-desserts?srsltid=AfmBOor978BnhC9QQ7V61ixEDkNXooZBKeO_izpimvDYa_XMaM_pK2PV)"
              },
              {
                "claim": "Ice Cream Specials & Offers ‚Äî SAVE $1.90. $7.60. $9.50 $0.76 / 100ML. Sanitarium So Good Vanilla Bliss Frozen Dessert 1L. Add to cart. Save to list. 20% Off. SAVE $3.00. $12.00. $15.00 $2.53 ...Read more",
                "source": "Source: woolworths.com.au (https://www.woolworths.com.au/shop/browse/freezer/ice-cream/ice-cream-specials?srsltid=AfmBOopklJhi7Q-ODSy445CW1x4bWiwbCJfR-Bf19Nz6h5iPuw5p1RoP)"
              }
            ]
          },
          "competitors": {
            "names": [
              "Rokeby Farms",
              "Priestley‚Äôs Gourmet Delights",
              "Jillian's Cakery",
              "Belle Fleur",
              "Beak & Johnston",
              "Carman's",
              "Pauls PLUS+",
              "Chobani",
              "Sara Lee",
              "Streets",
              "Ferrero Australia",
              "Gelatissimo"
            ],
            "facts": [
              {
                "claim": "Brief competitor: Streets",
                "source": "Source: brief"
              },
              {
                "claim": "Rokeby Farms Chocolate Protein Smoothie 6 x 425ml ‚Äî Rokeby Farms Chocolate Protein Smoothie 6 x 425ml is a protein drink providing all 9 essential amino acids while providing sustained energy and fullness.",
                "source": "Source: costco.com.au (https://www.costco.com.au/Business-Delivery/Beverages/Other-Drinks/Rokeby-Farms-Chocolate-Protein-Smoothie-6-x-425ml/p/163543_BD)"
              },
              {
                "claim": "Rokeby Farms ‚Äî All Rokeby Farms products are now available with Subscribe & Save ¬∑ Enjoy 5% off on every recurring order!",
                "source": "Source: bulkeatswarehouse.com.au (https://bulkeatswarehouse.com.au/collections/rokeby-farms?srsltid=AfmBOor6oarDx_IPDf159c9EL9eQwXX8n14gx1vpjMrGlr10qZ4zQgwm)"
              },
              {
                "claim": "Rokeby Nutrition ‚Äî Rokeby is a nutrition food company based in Melbourne. We make a range of award-winning dairy products to enjoy as part of a healthy lifestyle.",
                "source": "Source: rokebynutrition.com (https://rokebynutrition.com/)"
              },
              {
                "claim": "ROKEBY FARM Archives ‚Äî ROKEBY FARM offers Bold Brew drinks in flavors like Double Shot, Iced Mocha, and Iced Latte, and Protein Smoothies in flavors like Banana Honey & Cinnamon, ...",
                "source": "Source: coast2coastdistributors.com.au (https://coast2coastdistributors.com.au/product-category/alternate-flavoured-milks/rokeby-farm-alternate-flavoured-milks/)"
              },
              {
                "claim": "Shop Rokeby Products Online ‚Äî Shop your way at Coles. Our range of Rokeby products at everyday low prices you know and trust. Shop online and get home delivery or ...",
                "source": "Source: coles.com.au (https://www.coles.com.au/brands/rokeby-811816065?srsltid=AfmBOop9dnVgblMzb0AKajWg_OilDB9BIOzgQmQXynZr2Vt3zHlm3A-e)"
              },
              {
                "claim": "Rokeby Farms Protein Smoothie - Dutch Chocolate ‚Äî $4.95. Rokeby Farms Whole Protein Smoothie! Loaded with real cocoa for natural chocolate goodness. Ingredients: Filtered low fat milk, cane sugar, cream, dutch ...",
                "source": "Source: athletesnutrition.com.au (https://athletesnutrition.com.au/products/copy-of-rokeby-farms-protein-smoothie-banana-honey-cinnamon?srsltid=AfmBOopwuArEAMTQsdUswAhgf4qe8xQLZ0MEHrJwVeh5quVK1ZxLYReF)"
              },
              {
                "claim": "üéâüéâ COMPETITION: To share some smoothie love we are ... ‚Äî COMPETITION: To share some smoothie love we are giving away one lucky Rokeby Farms fan a year's supply of our smoothies! To enter: 1. Like ...",
                "source": "Source: instagram.com (https://www.instagram.com/p/CTTJ7b1PNIQ/)"
              },
              {
                "claim": "Competition/Antitrust & Consumer ‚Äî acquisition of a 45% interest in the Made Group (owners of the Cocobella, Rokeby Farms, Impressed Juice and Nutrient Water brands), together with its bottler, ...",
                "source": "Source: addisons.com (https://addisons.com/capabilities/competition-consumer-antitrust/)"
              },
              {
                "claim": "Our brands ‚Äî Rokeby is a functional dairy brand offering a range of high quality products that deliver natural straight-up nutrition to smartly power active people through ...",
                "source": "Source: madegroup.com (https://www.madegroup.com/our-brands)"
              },
              {
                "claim": "About Rokeby ‚Äî Rokeby products are naturally high in protein, made from fresh locally sourced milk and trusted quality ingredients, to help you smartly power through your day.",
                "source": "Source: rokebynutrition.com (https://rokebynutrition.com/pages/about-rokeby)"
              },
              {
                "claim": "Rokeby Farms: Premium protein driving significant growth ‚Äî Rokeby Farms innovative Whole Protein Breakfast Smoothies are made with fresh, cold-filtered milk that contains twice the protein of regular milk and no added ...",
                "source": "Source: c-store.com.au (https://www.c-store.com.au/rokeby-farms-premium-protein-driving-significant-growth/)"
              }
            ],
            "promos": [
              {
                "brand": "ROKEBYNUTRITION",
                "url": "https://rokebynutrition.com/",
                "source": "Source: rokebynutrition.com (https://rokebynutrition.com/)",
                "title": "Rokeby Nutrition",
                "headline": "Rokeby is a nutrition food company based in Melbourne. We make a range of award-winning dairy products to enjoy as part of a healthy lifestyle.",
                "type": "PRIZE",
                "heroCount": null,
                "totalWinners": null,
                "cadence": null,
                "prizeItems": [
                  "car",
                  "data",
                  "tv"
                ],
                "prizeValueHint": null,
                "confidence": 0.6,
                "viaRedemption": false,
                "giftCard": null
              },
              {
                "brand": "RMHHOMELOTTERY",
                "url": "https://www.rmhhomelottery.com.au/pdfs/rmh-mel-2025-2-winners-FA.pdf",
                "source": "Source: rmhhomelottery.com.au (https://www.rmhhomelottery.com.au/pdfs/rmh-mel-2025-2-winners-FA.pdf)",
                "title": "Congratulations",
                "headline": "Congratulations to our. $5.3M Grand Prize winner! Rowena of Swifts Creek (#10134243) has won this fully furnished home in Camberwell. Win big ...",
                "type": "PRIZE",
                "heroCount": null,
                "totalWinners": null,
                "cadence": null,
                "prizeItems": [
                  "data",
                  "tv",
                  "car",
                  "cash",
                  "holiday"
                ],
                "prizeValueHint": "$39",
                "confidence": 0.6,
                "viaRedemption": false,
                "giftCard": null
              },
              {
                "brand": "ADDISONS",
                "url": "https://addisons.com/capabilities/competition-consumer-antitrust/",
                "source": "Source: addisons.com (https://addisons.com/capabilities/competition-consumer-antitrust/)",
                "title": "Competition/Antitrust &amp; Consumer | Addisons | Sydney Law Firm",
                "headline": "Competition/Antitrust &#038; Consumer",
                "type": "PRIZE",
                "heroCount": null,
                "totalWinners": null,
                "cadence": null,
                "prizeItems": [
                  "car",
                  "data",
                  "plan"
                ],
                "prizeValueHint": "$534",
                "confidence": 0.6,
                "viaRedemption": false,
                "giftCard": null
              },
              {
                "brand": "DIAA",
                "url": "https://diaa.asn.au/wp-content/uploads/2019_DIAA_Vic_Results.pdf",
                "source": "Source: diaa.asn.au (https://diaa.asn.au/wp-content/uploads/2019_DIAA_Vic_Results.pdf)",
                "title": "DIAA Victorian Dairy Product Competition",
                "headline": "Rokeby Farms Whole Protein Smoothie. Chocolate. 17.00. Bulla Dairy Foods. Bulla ... Victorian Dairy Product Competitions visit: www.diaa.asn.au. Dairy Industry.",
                "type": "PRIZE",
                "heroCount": null,
                "totalWinners": null,
                "cadence": null,
                "prizeItems": [
                  "data",
                  "tv",
                  "car"
                ],
                "prizeValueHint": "$06",
                "confidence": 0.6,
                "viaRedemption": false,
                "giftCard": null
              },
              {
                "brand": "FOODANDDRINKBUSINESS",
                "url": "https://www.foodanddrinkbusiness.com.au/news/rethinking-the-white-drink",
                "source": "Source: foodanddrinkbusiness.com.au (https://www.foodanddrinkbusiness.com.au/news/rethinking-the-white-drink)",
                "title": "Rethinking the white drink - Food &amp; Drink Business",
                "headline": "Rethinking the white drink",
                "type": "PRIZE",
                "heroCount": null,
                "totalWinners": null,
                "cadence": null,
                "prizeItems": [
                  "data",
                  "car",
                  "plan",
                  "tv"
                ],
                "prizeValueHint": null,
                "confidence": 0.6,
                "viaRedemption": false,
                "giftCard": null
              },
              {
                "brand": "Rokeby Farms",
                "url": "https://www.retailbiz.com.au/offline-retailing/rokeby-farms-premium-protein-driving-significant-growth/",
                "source": "Source: retailbiz.com.au (https://www.retailbiz.com.au/offline-retailing/rokeby-farms-premium-protein-driving-significant-growth/)",
                "title": "Rokeby Farms: Premium protein driving significant growth - retailbiz",
                "headline": "Rokeby Farms sources fresh milk from a selection of farms located in Victoria, which is then delivered to its new manufacturing facility located ...",
                "type": "PRIZE",
                "heroCount": null,
                "totalWinners": null,
                "cadence": null,
                "prizeItems": [
                  "car",
                  "data",
                  "plan",
                  "plans",
                  "tv"
                ],
                "prizeValueHint": "$10",
                "confidence": 0.6,
                "viaRedemption": false,
                "giftCard": null
              },
              {
                "brand": "WHATSINSEASON",
                "url": "https://www.whatsinseason.com.au/blog/turn-fries-into-cash-win-200k/",
                "source": "Source: whatsinseason.com.au (https://www.whatsinseason.com.au/blog/turn-fries-into-cash-win-200k/)",
                "title": "Turn Fries into Cash - Win $200K - Welcome - InSeason",
                "headline": "Turn Fries into Cash &#8211; Win $200K",
                "type": "PRIZE",
                "heroCount": null,
                "totalWinners": null,
                "cadence": "weekly",
                "prizeItems": [
                  "data",
                  "cash",
                  "car",
                  "tv"
                ],
                "prizeValueHint": "$200",
                "confidence": 0.6,
                "viaRedemption": false,
                "giftCard": null
              },
              {
                "brand": "PRIESTLEYS-GOURMET",
                "url": "https://www.priestleys-gourmet.com.au/",
                "source": "Source: priestleys-gourmet.com.au (https://www.priestleys-gourmet.com.au/)",
                "title": "Wholesale Cakes, Desserts &amp; Baked Goods for Cafes &amp; Businesses | Priestley&#039;s Gourmet Delights",
                "headline": "Homepage #New",
                "type": "PRIZE",
                "heroCount": null,
                "totalWinners": null,
                "cadence": null,
                "prizeItems": [
                  "data",
                  "car",
                  "tv",
                  "trip"
                ],
                "prizeValueHint": null,
                "confidence": 0.6,
                "viaRedemption": false,
                "giftCard": null
              },
              {
                "brand": "GOURMET-DELIGHTS",
                "url": "https://gourmet-delights.com.au/",
                "source": "Source: gourmet-delights.com.au (https://gourmet-delights.com.au/)",
                "title": "Gourmet Delights &#8211; A Little Bite of Heaven.",
                "headline": "Your perfect partner for me time moments.",
                "type": "PRIZE",
                "heroCount": null,
                "totalWinners": null,
                "cadence": null,
                "prizeItems": [
                  "data",
                  "car"
                ],
                "prizeValueHint": null,
                "confidence": 0.6,
                "viaRedemption": false,
                "giftCard": null
              },
              {
                "brand": "PRIESTLEYS-GOURMET",
                "url": "https://www.priestleys-gourmet.com.au/blog",
                "source": "Source: priestleys-gourmet.com.au (https://www.priestleys-gourmet.com.au/blog)",
                "title": "Priestley&#039;s Blog | Priestley&#039;s Gourmet Delights",
                "headline": "Priestley&#8217;s Blog",
                "type": "PRIZE",
                "heroCount": null,
                "totalWinners": null,
                "cadence": null,
                "prizeItems": [
                  "data",
                  "car",
                  "tv",
                  "holiday",
                  "trip"
                ],
                "prizeValueHint": null,
                "confidence": 0.6,
                "viaRedemption": false,
                "giftCard": null
              },
              {
                "brand": "PRIESTLEYS-GOURMET",
                "url": "https://www.priestleys-gourmet.com.au/insight/podcasts",
                "source": "Source: priestleys-gourmet.com.au (https://www.priestleys-gourmet.com.au/insight/podcasts)",
                "title": "Podcasts | Priestley&#039;s Gourmet Delights",
                "headline": "Podcasts",
                "type": "PRIZE",
                "heroCount": null,
                "totalWinners": null,
                "cadence": null,
                "prizeItems": [
                  "data",
                  "car",
                  "tv",
                  "trip"
                ],
                "prizeValueHint": null,
                "confidence": 0.6,
                "viaRedemption": false,
                "giftCard": null
              },
              {
                "brand": "COURIERMAIL",
                "url": "https://www.couriermail.com.au/news/national/back-australia/how-priestleys-gourmet-delights-thrives-with-automation-while-supporting-more-australian-jobs/news-story/9b8e562ce4d2b5c64e80fb04cd3c62b2",
                "source": "Source: couriermail.com.au (https://www.couriermail.com.au/news/national/back-australia/how-priestleys-gourmet-delights-thrives-with-automation-while-supporting-more-australian-jobs/news-story/9b8e562ce4d2b5c64e80fb04cd3c62b2)",
                "title": "No Cookies | The Courier Mail",
                "headline": "No Cookies",
                "type": "PRIZE",
                "heroCount": null,
                "totalWinners": null,
                "cadence": null,
                "prizeItems": [
                  "car",
                  "data",
                  "plan",
                  "tv"
                ],
                "prizeValueHint": null,
                "confidence": 0.6,
                "viaRedemption": false,
                "giftCard": null
              },
              {
                "brand": "Jillian's Cakery",
                "url": "https://www.easyweddings.com.au/WeddingCakes/Sydney/JilliansCakery/",
                "source": "Source: easyweddings.com.au (https://www.easyweddings.com.au/WeddingCakes/Sydney/JilliansCakery/)",
                "title": "Jillian&#39;s Cakery - Wedding Cakes Surry Hills | Easy Weddings",
                "headline": "Jillian&#39;s Cakery",
                "type": "PRIZE",
                "heroCount": null,
                "totalWinners": null,
                "cadence": null,
                "prizeItems": [
                  "data",
                  "tv",
                  "car",
                  "plan",
                  "cash"
                ],
                "prizeValueHint": null,
                "confidence": 0.6,
                "viaRedemption": false,
                "giftCard": null
              },
              {
                "brand": "Jillian's Cakery",
                "url": "https://www.sydneycakery.com.au/product/jillians-cakery-online-gift-card-redeemable-online-only/",
                "source": "Source: sydneycakery.com.au (https://www.sydneycakery.com.au/product/jillians-cakery-online-gift-card-redeemable-online-only/)",
                "title": "Jillian&#039;s Cakery Online Gift Card (redeemable online only) &#183; Sydney Cakery",
                "headline": "Jillian&#8217;s Cakery Online Gift Card (redeemable online only)",
                "type": "PRIZE",
                "heroCount": null,
                "totalWinners": null,
                "cadence": null,
                "prizeItems": [
                  "gift card",
                  "car",
                  "data",
                  "tv",
                  "trip",
                  "plan",
                  "cash",
                  "giftcard"
                ],
                "prizeValueHint": "$10",
                "confidence": 0.6,
                "viaRedemption": false,
                "giftCard": null
              },
              {
                "brand": "THATGIRLFROMSYDNEY",
                "url": "https://thatgirlfromsydney.com/2020/02/27/who-is-jillian-and-what-does-she-do/",
                "source": "Source: thatgirlfromsydney.com (https://thatgirlfromsydney.com/2020/02/27/who-is-jillian-and-what-does-she-do/)",
                "title": "Who Is Jillian And What Does She Do? &#8211; That Girl from Sydney",
                "headline": "Who Is Jillian And What Does She&nbsp;Do?",
                "type": "PRIZE",
                "heroCount": null,
                "totalWinners": null,
                "cadence": null,
                "prizeItems": [
                  "car",
                  "data",
                  "plan",
                  "tv"
                ],
                "prizeValueHint": null,
                "confidence": 0.6,
                "viaRedemption": false,
                "giftCard": null
              },
              {
                "brand": "Jillian's Cakery",
                "url": "https://www.theurbanlist.com/sydney/directory/jillian-s-cakery",
                "source": "Source: theurbanlist.com (https://www.theurbanlist.com/sydney/directory/jillian-s-cakery)",
                "title": "Jillian's Cakery | URBAN LIST SYDNEY",
                "headline": "Jillian‚Äôs Cakery",
                "type": "PRIZE",
                "heroCount": null,
                "totalWinners": null,
                "cadence": null,
                "prizeItems": [
                  "tv",
                  "data",
                  "car"
                ],
                "prizeValueHint": null,
                "confidence": 0.6,
                "viaRedemption": false,
                "giftCard": null
              },
              {
                "brand": "YOUTUBE",
                "url": "https://www.youtube.com/c/jillianbutler",
                "source": "Source: youtube.com (https://www.youtube.com/c/jillianbutler)",
                "title": "Jillian Butler - YouTube",
                "headline": "I started a successful cake shop in Sydney called Jillian's Cakery that I ran for 7 years and there were lots of lessons that I learned along the way. Now ...",
                "type": "PRIZE",
                "heroCount": null,
                "totalWinners": null,
                "cadence": null,
                "prizeItems": [
                  "data",
                  "tv",
                  "car"
                ],
                "prizeValueHint": null,
                "confidence": 0.6,
                "viaRedemption": false,
                "giftCard": null
              },
              {
                "brand": "Belle Fleur",
                "url": "https://bellefleur.com.au/",
                "source": "Source: bellefleur.com.au (https://bellefleur.com.au/)",
                "title": "Homepage | Belle Fleur Fine Chocolates | Chocolate Sydney",
                "headline": "Handmade chocolates that taste sensational. Choose from over 45 traditional and contemporary flavours in-store.Jump to",
                "type": "PRIZE",
                "heroCount": null,
                "totalWinners": null,
                "cadence": null,
                "prizeItems": [
                  "car",
                  "data",
                  "tv",
                  "trip",
                  "gift card"
                ],
                "prizeValueHint": null,
                "confidence": 0.6,
                "viaRedemption": false,
                "giftCard": null
              },
              {
                "brand": "ADAIRS",
                "url": "https://www.adairs.com.au/terms-conditions/competitions/?srsltid=AfmBOoqdmhyAkjp-0mo6YgOOktDktJHmHAKnYF3zeB9uw5Neg7BZ2F6C",
                "source": "Source: adairs.com.au (https://www.adairs.com.au/terms-conditions/competitions/?srsltid=AfmBOoqdmhyAkjp-0mo6YgOOktDktJHmHAKnYF3zeB9uw5Neg7BZ2F6C)",
                "title": "Past Competitions | Adairs",
                "headline": "The 'Draw 3' winner is Edith Pullen. The 'Draw 4' winner is Vibeke Foss. The 'Adairs Kids Fur Cushions & Throw Competition' commenced at 12:00am AEST on the 14 ...Jump to",
                "type": "PRIZE",
                "heroCount": 3,
                "totalWinners": null,
                "cadence": null,
                "prizeItems": [
                  "data",
                  "car",
                  "trip",
                  "plan",
                  "washer",
                  "gift card",
                  "tv",
                  "voucher",
                  "cash"
                ],
                "prizeValueHint": "$30",
                "confidence": 0.6,
                "viaRedemption": false,
                "giftCard": null
              },
              {
                "brand": "RMHHOMELOTTERY",
                "url": "https://www.rmhhomelottery.com.au/on/demandware.static/Sites-RML_MEL-Site/Sites-RML_MEL-Library/-/pdfs/rmh-mel-2025-1-winners-FA-2.pdf",
                "source": "Source: rmhhomelottery.com.au (https://www.rmhhomelottery.com.au/on/demandware.static/Sites-RML_MEL-Site/Sites-RML_MEL-Library/-/pdfs/rmh-mel-2025-1-winners-FA-2.pdf)",
                "title": "Congratulations",
                "headline": "Congratulations to our Early Bird winner! Jeffrey from Bulleen (#008153) has won the half a million Early Bird Prize! EARLY BIRD PRIZE.Jump to",
                "type": "PRIZE",
                "heroCount": null,
                "totalWinners": null,
                "cadence": null,
                "prizeItems": [
                  "data",
                  "tv",
                  "cash",
                  "holiday",
                  "car",
                  "plan"
                ],
                "prizeValueHint": "$39",
                "confidence": 0.6,
                "viaRedemption": false,
                "giftCard": null
              },
              {
                "brand": "ROCKYSHOW",
                "url": "https://www.rockyshow.com.au/Competitions/Animals-Competitions/Horse-Competition-Program",
                "source": "Source: rockyshow.com.au (https://www.rockyshow.com.au/Competitions/Animals-Competitions/Horse-Competition-Program)",
                "title": "Horse Competition Program Rockhampton Show",
                "headline": "Horse Competition Program",
                "type": "PRIZE",
                "heroCount": null,
                "totalWinners": null,
                "cadence": null,
                "prizeItems": [
                  "car",
                  "tv",
                  "data",
                  "plan"
                ],
                "prizeValueHint": null,
                "confidence": 0.6,
                "viaRedemption": false,
                "giftCard": null
              },
              {
                "brand": "BELLEFLEUR",
                "url": "https://bellefleur.com.au/occasions/",
                "source": "Source: bellefleur.com.au (https://bellefleur.com.au/occasions/)",
                "title": "Special Occasions &amp; Events | Belle Fleur Fine Chocolates",
                "headline": "Occasions",
                "type": "PRIZE",
                "heroCount": null,
                "totalWinners": null,
                "cadence": null,
                "prizeItems": [
                  "car",
                  "data",
                  "tv",
                  "trip",
                  "gift card"
                ],
                "prizeValueHint": null,
                "confidence": 0.6,
                "viaRedemption": false,
                "giftCard": null
              },
              {
                "brand": "MARKETINGBEE",
                "url": "https://marketingbee.com.au/sharon-latour-returns-as-a-judge-for-the-2025-australian-web-awards/",
                "source": "Source: marketingbee.com.au (https://marketingbee.com.au/sharon-latour-returns-as-a-judge-for-the-2025-australian-web-awards/)",
                "title": "Sharon Latour Returns as a Judge for the 2025 Australian Web Awards - Marketing Bee",
                "headline": "Sharon Latour Returns as a Judge for the 2025 Australian Web Awards",
                "type": "PRIZE",
                "heroCount": null,
                "totalWinners": null,
                "cadence": null,
                "prizeItems": [
                  "car",
                  "data",
                  "tv"
                ],
                "prizeValueHint": null,
                "confidence": 0.6,
                "viaRedemption": false,
                "giftCard": null
              },
              {
                "brand": "Beak & Johnston",
                "url": "https://www.beakandjohnston.com.au/",
                "source": "Source: beakandjohnston.com.au (https://www.beakandjohnston.com.au/)",
                "title": "Home - Quality Food Manufacturer | Beak &amp; Johnston",
                "headline": "Beak & Johnston is a proudly Australian, privately owned fresh food business with over 39 years of experience delivering innovative, value-added meal solutions.",
                "type": "PRIZE",
                "heroCount": null,
                "totalWinners": null,
                "cadence": null,
                "prizeItems": [
                  "car",
                  "data",
                  "plan"
                ],
                "prizeValueHint": null,
                "confidence": 0.6,
                "viaRedemption": false,
                "giftCard": null
              },
              {
                "brand": "BEAKANDJOHNSTON",
                "url": "https://www.beakandjohnston.com.au/about-us/",
                "source": "Source: beakandjohnston.com.au (https://www.beakandjohnston.com.au/about-us/)",
                "title": "About Us - Quality Food Manufacturer | Beak &amp; Johnston",
                "headline": "Beak & Johnston was founded in 1986 by David Beak, bringing together four generations of global meat industry knowledge.",
                "type": "PRIZE",
                "heroCount": null,
                "totalWinners": null,
                "cadence": null,
                "prizeItems": [
                  "car",
                  "data",
                  "plan"
                ],
                "prizeValueHint": "$15",
                "confidence": 0.6,
                "viaRedemption": false,
                "giftCard": null
              },
              {
                "brand": "BAKINGBUSINESS",
                "url": "https://bakingbusiness.com.au/wp-content/uploads/2019/10/2019-fine-food-catalogue-web.pdf",
                "source": "Source: bakingbusiness.com.au (https://bakingbusiness.com.au/wp-content/uploads/2019/10/2019-fine-food-catalogue-web.pdf)",
                "title": "Sydney Royal Fine Food Show - Baking Business",
                "headline": "It draws from Sydney Royal Champions throughout the year, examines, and celebrates truly inspirational, innovative agricultural food and beverage achievers.",
                "type": "PRIZE",
                "heroCount": null,
                "totalWinners": null,
                "cadence": null,
                "prizeItems": [
                  "data",
                  "tv",
                  "car"
                ],
                "prizeValueHint": "$224",
                "confidence": 0.6,
                "viaRedemption": false,
                "giftCard": null
              },
              {
                "brand": "ISSUU",
                "url": "https://issuu.com/theintermediagroup/docs/c_i_retailing_magazine_august-september_2025",
                "source": "Source: issuu.com (https://issuu.com/theintermediagroup/docs/c_i_retailing_magazine_august-september_2025)",
                "title": "C&amp;amp;I Retailing Magazine August-September 2025 by The Intermedia Group - Issuu",
                "headline": "C&amp;I Retailing Magazine August-September 2025",
                "type": "PRIZE",
                "heroCount": null,
                "totalWinners": null,
                "cadence": null,
                "prizeItems": [
                  "car",
                  "data",
                  "tv",
                  "plans",
                  "plan"
                ],
                "prizeValueHint": "$29",
                "confidence": 0.6,
                "viaRedemption": false,
                "giftCard": null
              },
              {
                "brand": "Beak & Johnston",
                "url": "https://www.accc.gov.au/media-release/woolworths%E2%80%99-proposed-acquisition-of-beak-johnston-not-opposed",
                "source": "Source: accc.gov.au (https://www.accc.gov.au/media-release/woolworths%E2%80%99-proposed-acquisition-of-beak-johnston-not-opposed)",
                "title": "Woolworths‚Äô proposed acquisition of Beak &amp; Johnston not opposed | ACCC",
                "headline": "The ACCC will not oppose Woolworths Group Limited's (ASX:WOW) proposed acquisition of Beak & Johnston Holdings Pty Ltd (B&J).",
                "type": "PRIZE",
                "heroCount": null,
                "totalWinners": null,
                "cadence": null,
                "prizeItems": [
                  "data",
                  "car"
                ],
                "prizeValueHint": null,
                "confidence": 0.6,
                "viaRedemption": false,
                "giftCard": null
              },
              {
                "brand": "Beak & Johnston",
                "url": "https://www.just-food.com/news/woolworths-beak-johnston-deal-approved/",
                "source": "Source: just-food.com (https://www.just-food.com/news/woolworths-beak-johnston-deal-approved/)",
                "title": "ACCC waves through Woolworths‚Äô Beak &amp; Johnston deal",
                "headline": "Australia regulator waves through Woolworths‚Äô Beak &#038; Johnston deal",
                "type": "PRIZE",
                "heroCount": null,
                "totalWinners": null,
                "cadence": null,
                "prizeItems": [
                  "data",
                  "car",
                  "plan",
                  "tv"
                ],
                "prizeValueHint": null,
                "confidence": 0.6,
                "viaRedemption": false,
                "giftCard": null
              },
              {
                "brand": "Beak & Johnston",
                "url": "https://morganenglishlawyers.com.au/morgan-english-advises-beak-johnston-group-on-strategic-sale-to-woolworths/",
                "source": "Source: morganenglishlawyers.com.au (https://morganenglishlawyers.com.au/morgan-english-advises-beak-johnston-group-on-strategic-sale-to-woolworths/)",
                "title": "Morgan + English Advises Beak &amp; Johnston Group on Strategic Sale to Woolworths | Morgan English Lawyers",
                "headline": "Morgan + English Advises Beak &#038; Johnston Group on Strategic Sale to Woolworths",
                "type": "PRIZE",
                "heroCount": null,
                "totalWinners": null,
                "cadence": null,
                "prizeItems": [
                  "data",
                  "car",
                  "cash",
                  "trip",
                  "plan",
                  "tv"
                ],
                "prizeValueHint": null,
                "confidence": 0.6,
                "viaRedemption": false,
                "giftCard": null
              },
              {
                "brand": "Beak & Johnston",
                "url": "https://www.comcom.govt.nz/news-and-media/news-and-events/2025/woolworths-seeks-clearance-to-acquire-beak-and-johnston/",
                "source": "Source: comcom.govt.nz (https://www.comcom.govt.nz/news-and-media/news-and-events/2025/woolworths-seeks-clearance-to-acquire-beak-and-johnston/)",
                "title": "Woolworths seeks clearance to acquire Beak &amp; Johnston | Commerce Commission",
                "headline": "We will give clearance to a proposed merger if we are satisfied that the merger is unlikely to have the effect of substantially lessening ...",
                "type": "PRIZE",
                "heroCount": null,
                "totalWinners": null,
                "cadence": null,
                "prizeItems": [
                  "trip",
                  "car",
                  "data",
                  "plan"
                ],
                "prizeValueHint": null,
                "confidence": 0.6,
                "viaRedemption": false,
                "giftCard": null
              },
              {
                "brand": "Beak & Johnston",
                "url": "https://insideretail.com.au/news/woolworths-seeks-clearance-to-buy-beak-johnston-202501",
                "source": "Source: insideretail.com.au (https://insideretail.com.au/news/woolworths-seeks-clearance-to-buy-beak-johnston-202501)",
                "title": "Woolworths seeks clearance to buy Beak &amp; Johnston - Inside Retail Australia",
                "headline": "Woolworths seeks clearance to buy Beak &amp; Johnston",
                "type": "PRIZE",
                "heroCount": null,
                "totalWinners": null,
                "cadence": null,
                "prizeItems": [
                  "data",
                  "car",
                  "trip"
                ],
                "prizeValueHint": "$110",
                "confidence": 0.6,
                "viaRedemption": false,
                "giftCard": null
              },
              {
                "brand": "Carman's",
                "url": "https://carmanskitchen.com.au/carmans-quarterly-care-package-giveaway-2025/",
                "source": "Source: carmanskitchen.com.au (https://carmanskitchen.com.au/carmans-quarterly-care-package-giveaway-2025/)",
                "title": "Carman‚Äôs Quarterly Care Package Giveaway Terms &amp; Conditions 2025 | Carman's Kitchen",
                "headline": "Carman‚Äôs Quarterly Care Package Giveaway Terms &#038; Conditions 2025",
                "type": "PRIZE",
                "heroCount": null,
                "totalWinners": null,
                "cadence": null,
                "prizeItems": [
                  "data",
                  "car",
                  "plan",
                  "cash",
                  "tv"
                ],
                "prizeValueHint": "$100",
                "confidence": 0.6,
                "viaRedemption": false,
                "giftCard": null
              },
              {
                "brand": "Carman's",
                "url": "https://carmanskitchen.com.au/fun-run-giveaway-terms-conditions/",
                "source": "Source: carmanskitchen.com.au (https://carmanskitchen.com.au/fun-run-giveaway-terms-conditions/)",
                "title": "Carman‚Äôs Fun Run Giveaway Terms &amp; Conditions | Carman's Kitchen",
                "headline": "Carman&#8217;s Fun Run Giveaway Terms &#038; Conditions",
                "type": "PRIZE",
                "heroCount": 1,
                "totalWinners": null,
                "cadence": "instant",
                "prizeItems": [
                  "data",
                  "car",
                  "plan",
                  "voucher",
                  "cash",
                  "tv"
                ],
                "prizeValueHint": "$200",
                "confidence": 0.6,
                "viaRedemption": false,
                "giftCard": null
              },
              {
                "brand": "CARMANSKITCHEN",
                "url": "https://carmanskitchen.com.au/porridge-competition-terms-conditions/",
                "source": "Source: carmanskitchen.com.au (https://carmanskitchen.com.au/porridge-competition-terms-conditions/)",
                "title": "Porridge Competition Terms &amp; Conditions | Carman's Kitchen",
                "headline": "Porridge Competition Terms &#038; Conditions",
                "type": "PRIZE",
                "heroCount": null,
                "totalWinners": null,
                "cadence": null,
                "prizeItems": [
                  "data",
                  "car",
                  "plan",
                  "cash",
                  "tv"
                ],
                "prizeValueHint": "$250",
                "confidence": 0.6,
                "viaRedemption": false,
                "giftCard": null
              },
              {
                "brand": "CARMANSKITCHEN",
                "url": "https://carmanskitchen.com.au/win-a-trip-to-byron-terms-and-conditions/",
                "source": "Source: carmanskitchen.com.au (https://carmanskitchen.com.au/win-a-trip-to-byron-terms-and-conditions/)",
                "title": "Win a Trip to Byron Terms and Conditions | Carman's Kitchen",
                "headline": "Win a Trip to Byron Terms and Conditions",
                "type": "PRIZE",
                "heroCount": null,
                "totalWinners": null,
                "cadence": "instant",
                "prizeItems": [
                  "data",
                  "car",
                  "trip",
                  "plan",
                  "holiday",
                  "voucher",
                  "cash",
                  "tv"
                ],
                "prizeValueHint": "$11,805",
                "confidence": 0.6,
                "viaRedemption": false,
                "giftCard": null
              },
              {
                "brand": "Carman's",
                "url": "https://solemotive.com/pages/carmans-fun-run-syd-10k?srsltid=AfmBOooHB3xkXtaoGZ9mG-_L0--9mW5jbbRWm1pnggI7e99sIs6BVcnZ",
                "source": "Source: solemotive.com (https://solemotive.com/pages/carmans-fun-run-syd-10k?srsltid=AfmBOooHB3xkXtaoGZ9mG-_L0--9mW5jbbRWm1pnggI7e99sIs6BVcnZ)",
                "title": "Carman&#39;s Fun Run Sydney 2025 - 10K | Sole Motive",
                "headline": "The Carman's Fun Run Sydney 2025 is on 21 September at Metcalfe Park, Pyrmont, with a 9:00am start. The course is a flat 2 lap with Sydney views.",
                "type": "PRIZE",
                "heroCount": null,
                "totalWinners": null,
                "cadence": null,
                "prizeItems": [
                  "data",
                  "car",
                  "trip",
                  "tv",
                  "cash"
                ],
                "prizeValueHint": "$80",
                "confidence": 0.6,
                "viaRedemption": false,
                "giftCard": null
              },
              {
                "brand": "Carman's",
                "url": "https://solemotive.com/pages/carmans-fun-run-syd-home?srsltid=AfmBOorQvL6V5sSGXodJyYnpq2M5S1edAD0ntuyCApEKW69H8iURTuCJ",
                "source": "Source: solemotive.com (https://solemotive.com/pages/carmans-fun-run-syd-home?srsltid=AfmBOorQvL6V5sSGXodJyYnpq2M5S1edAD0ntuyCApEKW69H8iURTuCJ)",
                "title": "Carman&#39;s Fun Run Sydney 2025 | Sole Motive",
                "headline": "BCNA MERCHANDISE STAND &amp; MINI-FIELD OF WOMEN",
                "type": "PRIZE",
                "heroCount": null,
                "totalWinners": null,
                "cadence": null,
                "prizeItems": [
                  "data",
                  "car",
                  "trip",
                  "tv",
                  "cash",
                  "plan"
                ],
                "prizeValueHint": "$60",
                "confidence": 0.6,
                "viaRedemption": false,
                "giftCard": null
              },
              {
                "brand": "Carman's",
                "url": "https://solemotive.com/pages/carmans-fun-run-mel-home?srsltid=AfmBOorSgV-UdaNVOUP8CKAqEEIrYHFLflLVAtbLwxYAcUtICnE2zL_9",
                "source": "Source: solemotive.com (https://solemotive.com/pages/carmans-fun-run-mel-home?srsltid=AfmBOorSgV-UdaNVOUP8CKAqEEIrYHFLflLVAtbLwxYAcUtICnE2zL_9)",
                "title": "Carman&#39;s Fun Run Melbourne 2026 | Sole Motive",
                "headline": "BCNA MERCHANDISE STAND",
                "type": "PRIZE",
                "heroCount": null,
                "totalWinners": null,
                "cadence": null,
                "prizeItems": [
                  "data",
                  "car",
                  "trip",
                  "tv",
                  "cash",
                  "plan"
                ],
                "prizeValueHint": "$60",
                "confidence": 0.6,
                "viaRedemption": false,
                "giftCard": null
              },
              {
                "brand": "Carman's",
                "url": "https://www.bcna.org.au/event-directory/major-events/carman-s-fun-run-2025-sydney/",
                "source": "Source: bcna.org.au (https://www.bcna.org.au/event-directory/major-events/carman-s-fun-run-2025-sydney/)",
                "title": "Carman&#x2019;s Fun Run 2025 - Sydney",
                "headline": "Run, jog or walk 21.1K, 10K, or 5K and make your run count by raising funds to help Australians affected by breast cancer. Secure your spot now and help us turn ...",
                "type": "PRIZE",
                "heroCount": null,
                "totalWinners": null,
                "cadence": null,
                "prizeItems": [
                  "data",
                  "car",
                  "tv"
                ],
                "prizeValueHint": "$30",
                "confidence": 0.6,
                "viaRedemption": false,
                "giftCard": null
              },
              {
                "brand": "Carman's",
                "url": "https://www.bcna.org.au/event-directory/major-events/carman-s-fun-run-2025-melbourne/",
                "source": "Source: bcna.org.au (https://www.bcna.org.au/event-directory/major-events/carman-s-fun-run-2025-melbourne/)",
                "title": "Carman&#x2019;s Fun Run 2025 - Melbourne",
                "headline": "Carman's Fun Run 2025 is on Feb 16 at Elsternwick Park, Brighton, with half-marathon, 10km, 5km run and 5km walk options. It starts at 5:45 am and ends at 1:00 ...",
                "type": "PRIZE",
                "heroCount": null,
                "totalWinners": null,
                "cadence": null,
                "prizeItems": [
                  "data",
                  "car",
                  "tv"
                ],
                "prizeValueHint": "$30",
                "confidence": 0.6,
                "viaRedemption": false,
                "giftCard": null
              },
              {
                "brand": "PAULSPROMO",
                "url": "https://www.paulspromo.com.au/",
                "source": "Source: paulspromo.com.au (https://www.paulspromo.com.au/)",
                "title": "Paul&#039;s Kids Yoghurt Minions Promotion",
                "headline": "Open to AU res 18+. Starts: 17/3/25:12AM AEDT. Ends: 30/5/25:11.59PM AEST. Max 1 entry per transaction. Retain receipts. Draw: 51A/23 Norton St, Leichhardt, NSW ...",
                "type": "PRIZE",
                "heroCount": null,
                "totalWinners": null,
                "cadence": null,
                "prizeItems": [
                  "data",
                  "tv",
                  "trip"
                ],
                "prizeValueHint": "$17,225",
                "confidence": 0.6,
                "viaRedemption": false,
                "giftCard": null
              },
              {
                "brand": "REDDYEXPRESS",
                "url": "https://www.reddyexpress.com.au/terms-and-conditions/peel-N-win",
                "source": "Source: reddyexpress.com.au (https://www.reddyexpress.com.au/terms-and-conditions/peel-N-win)",
                "title": "Reddy, Set, Peel &amp; Win - T&amp;Cs | Reddy Express",
                "headline": "All prize claims and entries into the unclaimed prize draw must be made by Entrants by no later than 11.59pm (Sydney time) on 30 September 2025. 5.",
                "type": "PRIZE",
                "heroCount": null,
                "totalWinners": null,
                "cadence": "instant",
                "prizeItems": [
                  "data",
                  "car",
                  "gift card",
                  "plans",
                  "holiday",
                  "voucher",
                  "cash",
                  "trip",
                  "giftcard",
                  "plan"
                ],
                "prizeValueHint": "$10",
                "confidence": 0.6,
                "viaRedemption": false,
                "giftCard": null
              },
              {
                "brand": "PAULS",
                "url": "https://www.pauls.com.au/",
                "source": "Source: pauls.com.au (https://www.pauls.com.au/)",
                "title": "Pauls Dairy",
                "headline": "We're pretty passionate about making great tasting products packed with real dairy goodness. We put that devotion into every Pauls milk, cream, custard, yoghurt ...",
                "type": "PRIZE",
                "heroCount": null,
                "totalWinners": null,
                "cadence": null,
                "prizeItems": [
                  "data",
                  "car",
                  "tv"
                ],
                "prizeValueHint": null,
                "confidence": 0.6,
                "viaRedemption": false,
                "giftCard": null
              },
              {
                "brand": "SCHOOLFUNDRAISING",
                "url": "https://www.schoolfundraising.com.au/",
                "source": "Source: schoolfundraising.com.au (https://www.schoolfundraising.com.au/)",
                "title": "School Fundraising | Empowering Schools Through Colour Runs",
                "headline": "We're Australia's ultimate school fundraising partner ... When parents use it to create a profile, they go into the draw to win a $500 prize credit.",
                "type": "PRIZE",
                "heroCount": 500,
                "totalWinners": null,
                "cadence": null,
                "prizeItems": [
                  "car",
                  "data",
                  "tv",
                  "trip",
                  "plan",
                  "cash"
                ],
                "prizeValueHint": "$500",
                "confidence": 0.6,
                "viaRedemption": false,
                "giftCard": null
              },
              {
                "brand": "Chobani",
                "url": "https://www.chobani.com.au/chobani-fit-competition-terms-and-conditions/",
                "source": "Source: chobani.com.au (https://www.chobani.com.au/chobani-fit-competition-terms-and-conditions/)",
                "title": "Chobani Fit Competition - Terms and Conditions - Chobani Australia",
                "headline": "Chobani Fit Competition &#8211; Terms and Conditions",
                "type": "PRIZE",
                "heroCount": null,
                "totalWinners": null,
                "cadence": null,
                "prizeItems": [
                  "car",
                  "data",
                  "cash"
                ],
                "prizeValueHint": "$399",
                "confidence": 0.6,
                "viaRedemption": false,
                "giftCard": null
              },
              {
                "brand": "Chobani",
                "url": "https://www.ozbargain.com.au/node/926882",
                "source": "Source: ozbargain.com.au (https://www.ozbargain.com.au/node/926882)",
                "title": "Win a KitchenAid Pure Power Blender + Chobani No Sugar Added Prize Pack from KitchenAid - OzBargain Competitions",
                "headline": "Win a KitchenAid Pure Power Blender + Chobani No Sugar Added Prize Pack from KitchenAid",
                "type": "PRIZE",
                "heroCount": null,
                "totalWinners": null,
                "cadence": null,
                "prizeItems": [
                  "car",
                  "tv",
                  "data",
                  "voucher",
                  "gift card",
                  "cash"
                ],
                "prizeValueHint": "$274",
                "confidence": 0.6,
                "viaRedemption": false,
                "giftCard": null
              },
              {
                "brand": "Chobani",
                "url": "https://www.ozbargain.com.au/competition/chobani.com.au",
                "source": "Source: ozbargain.com.au (https://www.ozbargain.com.au/competition/chobani.com.au)",
                "title": "Chobani: Competitions - OzBargain Competitions",
                "headline": "Chobani &raquo; Competitions",
                "type": "PRIZE",
                "heroCount": null,
                "totalWinners": null,
                "cadence": null,
                "prizeItems": [
                  "car",
                  "data",
                  "voucher",
                  "gift card",
                  "cash"
                ],
                "prizeValueHint": "$100",
                "confidence": 0.6,
                "viaRedemption": false,
                "giftCard": null
              },
              {
                "brand": "CHOBANI",
                "url": "https://www.chobani.com.au/competition-tscs/",
                "source": "Source: chobani.com.au (https://www.chobani.com.au/competition-tscs/)",
                "title": "Competition - Terms and Conditions 2024 - Chobani Australia",
                "headline": "Chobani Australia Terms and Conditions. View Chobani x Remedy Terms and Conditions ¬∑ View Chobani x Ninja Kitchen Terms and Conditions ...",
                "type": "PRIZE",
                "heroCount": null,
                "totalWinners": null,
                "cadence": null,
                "prizeItems": [
                  "car",
                  "data"
                ],
                "prizeValueHint": null,
                "confidence": 0.6,
                "viaRedemption": false,
                "giftCard": null
              },
              {
                "brand": "Chobani",
                "url": "https://www.chobani.com.au/",
                "source": "Source: chobani.com.au (https://www.chobani.com.au/)",
                "title": "Chobani Australia",
                "headline": "Real yogurt. Real simple.",
                "type": "PRIZE",
                "heroCount": null,
                "totalWinners": null,
                "cadence": null,
                "prizeItems": [
                  "car",
                  "data",
                  "plan"
                ],
                "prizeValueHint": null,
                "confidence": 0.6,
                "viaRedemption": false,
                "giftCard": null
              },
              {
                "brand": "Sara Lee",
                "url": "https://winwithsaralee.com.au/conditions.html",
                "source": "Source: winwithsaralee.com.au (https://winwithsaralee.com.au/conditions.html)",
                "title": "Sara Lee Waffles 30k Giveaway Instant Win Promotion",
                "headline": "There are 150 prizes to be given away in this Promotion: 12 x AUD$1,000.00 Cash Prize, 13 x AUD$500.00 Mastercard eVouchers and 15 x AUD$250.00 Mastercard ...",
                "type": "PRIZE",
                "heroCount": 150,
                "totalWinners": null,
                "cadence": "instant",
                "prizeItems": [
                  "data",
                  "cash",
                  "car",
                  "voucher"
                ],
                "prizeValueHint": "$500",
                "confidence": 0.6,
                "viaRedemption": false,
                "giftCard": null
              },
              {
                "brand": "Sara Lee",
                "url": "https://saralee.com.au/enter-for-your-chance-to-win-our-grocery-giveaway/",
                "source": "Source: saralee.com.au (https://saralee.com.au/enter-for-your-chance-to-win-our-grocery-giveaway/)",
                "title": "Enter for your chance to WIN our Grocery Giveaway! &#8211; Sara Lee",
                "headline": "Enter for your chance to WIN our Grocery Giveaway!",
                "type": "PRIZE",
                "heroCount": null,
                "totalWinners": null,
                "cadence": null,
                "prizeItems": [
                  "voucher",
                  "data",
                  "car",
                  "tv"
                ],
                "prizeValueHint": "$200",
                "confidence": 0.6,
                "viaRedemption": false,
                "giftCard": null
              },
              {
                "brand": "Sara Lee",
                "url": "https://saraleefoodservice.com.au/news-promotions/",
                "source": "Source: saraleefoodservice.com.au (https://saraleefoodservice.com.au/news-promotions/)",
                "title": "News &amp; Promotions | Sara Lee Foodservice Australia",
                "headline": "News &#038; Promotions",
                "type": "PRIZE",
                "heroCount": null,
                "totalWinners": null,
                "cadence": null,
                "prizeItems": [
                  "data",
                  "car",
                  "tv"
                ],
                "prizeValueHint": null,
                "confidence": 0.6,
                "viaRedemption": false,
                "giftCard": null
              },
              {
                "brand": "Sara Lee",
                "url": "https://saralee.com.au/grocery-giveaway-tcs-australia/",
                "source": "Source: saralee.com.au (https://saralee.com.au/grocery-giveaway-tcs-australia/)",
                "title": "Grocery Giveaway T&#038;Cs Australia &#8211; Sara Lee",
                "headline": "Grocery Giveaway T&#038;Cs Australia",
                "type": "PRIZE",
                "heroCount": null,
                "totalWinners": null,
                "cadence": null,
                "prizeItems": [
                  "data",
                  "car",
                  "tv",
                  "gift card",
                  "cash",
                  "plan"
                ],
                "prizeValueHint": "$200",
                "confidence": 0.6,
                "viaRedemption": false,
                "giftCard": null
              },
              {
                "brand": "Sara Lee",
                "url": "https://winwithsaralee.com.au/images/Sara%20Lee%20Instant%20Win%20T&C's.pdf",
                "source": "Source: winwithsaralee.com.au (https://winwithsaralee.com.au/images/Sara%20Lee%20Instant%20Win%20T&C's.pdf)",
                "title": "Sara Lee Waffles 30k Giveaway Instant Win Promotion",
                "headline": "Winners will have their initials and state announced on the Sara Lee Promotional website at www.winwithsaralee.com by 30th October, 2024. 14. If ...",
                "type": "PRIZE",
                "heroCount": null,
                "totalWinners": null,
                "cadence": null,
                "prizeItems": [
                  "tv"
                ],
                "prizeValueHint": "$222",
                "confidence": 0.6,
                "viaRedemption": false,
                "giftCard": null
              },
              {
                "brand": "Sara Lee",
                "url": "http://winwithsaralee.com.au/",
                "source": "Source: winwithsaralee.com.au (http://winwithsaralee.com.au/)",
                "title": "Sara Lee Waffles 30k Giveaway Instant Win Promotion",
                "headline": "The promotion commences on the 15/9/2024 at 0900 (AEST) and closes 27/10/2024 at 1700 (AEST). For full T&C's go to www.winwithsaralee.",
                "type": "PRIZE",
                "heroCount": null,
                "totalWinners": null,
                "cadence": "instant",
                "prizeItems": [
                  "data",
                  "car",
                  "voucher",
                  "tv"
                ],
                "prizeValueHint": null,
                "confidence": 0.6,
                "viaRedemption": false,
                "giftCard": null
              },
              {
                "brand": "Sara Lee",
                "url": "https://saralee.com.au/enter-for-your-chance-to-win-a-pair-of-sara-lee-socks-for-dad-terms-and-conditions-2/",
                "source": "Source: saralee.com.au (https://saralee.com.au/enter-for-your-chance-to-win-a-pair-of-sara-lee-socks-for-dad-terms-and-conditions-2/)",
                "title": "Enter for your chance to WIN a pair of Sara Lee socks for Dad! Terms and Conditions &#8211; Sara Lee",
                "headline": "Enter for your chance to WIN a pair of Sara Lee socks for Dad! Terms and Conditions",
                "type": "PRIZE",
                "heroCount": 25,
                "totalWinners": 25,
                "cadence": null,
                "prizeItems": [
                  "data",
                  "car",
                  "tv",
                  "cash",
                  "plan"
                ],
                "prizeValueHint": "$30",
                "confidence": 0.6,
                "viaRedemption": false,
                "giftCard": null
              },
              {
                "brand": "Sara Lee",
                "url": "https://saralee.com.au/enter-for-your-chance-to-win-a-kitchenaid-mixer/",
                "source": "Source: saralee.com.au (https://saralee.com.au/enter-for-your-chance-to-win-a-kitchenaid-mixer/)",
                "title": "Enter for your chance to WIN a KitchenAid Mixer! &#8211; Sara Lee",
                "headline": "Enter for your chance to WIN a KitchenAid Mixer!",
                "type": "PRIZE",
                "heroCount": null,
                "totalWinners": null,
                "cadence": null,
                "prizeItems": [
                  "data",
                  "car",
                  "tv",
                  "plan",
                  "trip"
                ],
                "prizeValueHint": null,
                "confidence": 0.6,
                "viaRedemption": false,
                "giftCard": null
              },
              {
                "brand": "TUFFSTREETERS",
                "url": "https://tuffstreeters.com.au/",
                "source": "Source: tuffstreeters.com.au (https://tuffstreeters.com.au/)",
                "title": "Home - Tuff Streeters",
                "headline": "We Are Tuff Streeters",
                "type": "PRIZE",
                "heroCount": null,
                "totalWinners": null,
                "cadence": "weekly",
                "prizeItems": [
                  "car",
                  "data",
                  "cash",
                  "trip"
                ],
                "prizeValueHint": "$100",
                "confidence": 0.6,
                "viaRedemption": false,
                "giftCard": null
              },
              {
                "brand": "LINKT",
                "url": "https://www.linkt.com.au/campaigns/driveaway/sydney",
                "source": "Source: linkt.com.au (https://www.linkt.com.au/campaigns/driveaway/sydney)",
                "title": "Pardon Our Interruption",
                "headline": "Pardon Our Interruption",
                "type": "PRIZE",
                "heroCount": null,
                "totalWinners": null,
                "cadence": null,
                "prizeItems": [],
                "prizeValueHint": null,
                "confidence": 0.6,
                "viaRedemption": false,
                "giftCard": null
              },
              {
                "brand": "YOURTOWN",
                "url": "https://www.yourtown.com.au/",
                "source": "Source: yourtown.com.au (https://www.yourtown.com.au/)",
                "title": "yourtown | Art Union & Community Services | Prize Homes",
                "headline": "Every young person deserves a chance to thrive",
                "type": "PRIZE",
                "heroCount": null,
                "totalWinners": null,
                "cadence": null,
                "prizeItems": [
                  "car",
                  "data",
                  "tv"
                ],
                "prizeValueHint": null,
                "confidence": 0.6,
                "viaRedemption": false,
                "giftCard": null
              },
              {
                "brand": "RAFFLETIX",
                "url": "https://www.raffletix.com.au/raffles",
                "source": "Source: raffletix.com.au (https://www.raffletix.com.au/raffles)",
                "title": "Live raffles",
                "headline": "Live raffles",
                "type": "PRIZE",
                "heroCount": null,
                "totalWinners": null,
                "cadence": null,
                "prizeItems": [
                  "tv",
                  "data",
                  "car"
                ],
                "prizeValueHint": null,
                "confidence": 0.6,
                "viaRedemption": false,
                "giftCard": null
              },
              {
                "brand": "MOTORCULTUREAUSTRALIA",
                "url": "https://www.motorcultureaustralia.com/current-giveaways/",
                "source": "Source: motorcultureaustralia.com (https://www.motorcultureaustralia.com/current-giveaways/)",
                "title": "Current Giveaways &#8211; Motor Culture Australia",
                "headline": "1 DAY ONLY! Mercedes AMG C63S ¬∑ 1 WEEK ONLY: Brand New INEOS Grenadier ¬∑ 1 DAY ONLY: $100,000 Cash Giveaway ¬∑ 2023 Honda Civic Type R ¬∑ 1 Week Only: Brand New 2024 ...",
                "type": "PRIZE",
                "heroCount": null,
                "totalWinners": null,
                "cadence": null,
                "prizeItems": [
                  "data",
                  "car",
                  "cash",
                  "trip"
                ],
                "prizeValueHint": "$100,000",
                "confidence": 0.6,
                "viaRedemption": false,
                "giftCard": null
              },
              {
                "brand": "RSREWARDS",
                "url": "https://rsrewards.com.au/competition",
                "source": "Source: rsrewards.com.au (https://rsrewards.com.au/competition)",
                "title": "RS Rewards - Australia's Best Rewards Club",
                "headline": "Join RS Rewards for monthly prize draws and exclusive competitions. Win amazing prizes including cash, gift cards, and more. Enter our monthly raffles ...",
                "type": "PRIZE",
                "heroCount": null,
                "totalWinners": null,
                "cadence": "weekly",
                "prizeItems": [
                  "cash",
                  "gift card",
                  "car",
                  "trip",
                  "data",
                  "plan",
                  "plans"
                ],
                "prizeValueHint": "$20",
                "confidence": 0.6,
                "viaRedemption": false,
                "giftCard": null
              },
              {
                "brand": "REDBULL",
                "url": "https://www.redbull.com/au-en/events/red-bull-dance-your-style-national-finals-australia",
                "source": "Source: redbull.com (https://www.redbull.com/au-en/events/red-bull-dance-your-style-national-finals-australia)",
                "title": "Red Bull Dance Your Style Final Australia 2025",
                "headline": "Red Bull Dance Your Style is a 1v1 Street Dance battle competition where Australia's best street dancers dance to unpredictable music hits and the crowd ...",
                "type": "PRIZE",
                "heroCount": null,
                "totalWinners": null,
                "cadence": null,
                "prizeItems": [
                  "data",
                  "car"
                ],
                "prizeValueHint": null,
                "confidence": 0.6,
                "viaRedemption": false,
                "giftCard": null
              },
              {
                "brand": "MASTERSOFCHOREOGRAPHY",
                "url": "https://www.mastersofchoreography.com/udo-australia",
                "source": "Source: mastersofchoreography.com (https://www.mastersofchoreography.com/udo-australia)",
                "title": "UDO AUSTRALIA | Masters Of Choreogra",
                "headline": "UDO Australia falls under the Masters of Choreography umbrella and is our National Street Dance competition which we have hosted since 2015.",
                "type": "PRIZE",
                "heroCount": null,
                "totalWinners": null,
                "cadence": null,
                "prizeItems": [
                  "tv",
                  "data",
                  "car",
                  "plans",
                  "trip",
                  "giftcard",
                  "plan"
                ],
                "prizeValueHint": null,
                "confidence": 0.6,
                "viaRedemption": false,
                "giftCard": null
              },
              {
                "brand": "DARLINGHARBOUR",
                "url": "https://www.darlingharbour.com/whats-on/archive/events/beat-breakdown",
                "source": "Source: darlingharbour.com (https://www.darlingharbour.com/whats-on/archive/events/beat-breakdown)",
                "title": "Beat Breakdown - Battle it out at Sydney&#39;s 1v1 Street Dance Showdown in Darling Harbour | Darling Harbour",
                "headline": "Beat Breakdown",
                "type": "PRIZE",
                "heroCount": null,
                "totalWinners": null,
                "cadence": "weekly",
                "prizeItems": [
                  "data",
                  "car",
                  "plan"
                ],
                "prizeValueHint": null,
                "confidence": 0.6,
                "viaRedemption": false,
                "giftCard": null
              },
              {
                "brand": "TRANSPORT",
                "url": "https://www.transport.nsw.gov.au/industry/cities-and-active-transport/cities-revitalisation-and-place/festival-of-place/creative-3",
                "source": "Source: transport.nsw.gov.au (https://www.transport.nsw.gov.au/industry/cities-and-active-transport/cities-revitalisation-and-place/festival-of-place/creative-3)",
                "title": "Public Space Ideas Competition | Transport for NSW",
                "headline": "The Ideas Competition aimed to shape a new conversation about public space in Sydney and was delivered in partnership with the Committee for Sydney.",
                "type": "PRIZE",
                "heroCount": null,
                "totalWinners": null,
                "cadence": null,
                "prizeItems": [
                  "car",
                  "data",
                  "tv",
                  "trip",
                  "plan"
                ],
                "prizeValueHint": null,
                "confidence": 0.6,
                "viaRedemption": false,
                "giftCard": null
              },
              {
                "brand": "NUTELLA",
                "url": "https://www.nutella.com/au/en/xp/nutella-x-kinder-biscuits/faq/",
                "source": "Source: nutella.com (https://www.nutella.com/au/en/xp/nutella-x-kinder-biscuits/faq/)",
                "title": "Nutella x Kinder Biscuits promotion",
                "headline": "Frequently Asked Questions",
                "type": "PRIZE",
                "heroCount": null,
                "totalWinners": null,
                "cadence": "instant",
                "prizeItems": [
                  "data",
                  "gift card",
                  "car"
                ],
                "prizeValueHint": "$100",
                "confidence": 0.6,
                "viaRedemption": false,
                "giftCard": null
              },
              {
                "brand": "KINDER",
                "url": "https://www.kinder.com/au/en/xp/kinderbuenosoundbreaks/term-conditions",
                "source": "Source: kinder.com (https://www.kinder.com/au/en/xp/kinderbuenosoundbreaks/term-conditions)",
                "title": "T&amp;C | Kinder Bueno Sound Breaks",
                "headline": "All provisional winners are subject to verification. Upon verification, winners will be sent their prize. Total prize pool. The total prize pool is AU$43,022.",
                "type": "PRIZE",
                "heroCount": 1,
                "totalWinners": null,
                "cadence": "daily",
                "prizeItems": [
                  "data",
                  "car",
                  "holiday",
                  "cash",
                  "plan"
                ],
                "prizeValueHint": "$439",
                "confidence": 0.6,
                "viaRedemption": false,
                "giftCard": null
              },
              {
                "brand": "NUTELLA",
                "url": "https://www.nutella.com/au/en/xp/nutella-x-kinder-biscuits/winners/",
                "source": "Source: nutella.com (https://www.nutella.com/au/en/xp/nutella-x-kinder-biscuits/winners/)",
                "title": "Winners - Nutella",
                "headline": "Winners",
                "type": "PRIZE",
                "heroCount": null,
                "totalWinners": null,
                "cadence": null,
                "prizeItems": [
                  "data",
                  "gift card",
                  "car"
                ],
                "prizeValueHint": "$10,000",
                "confidence": 0.6,
                "viaRedemption": false,
                "giftCard": null
              },
              {
                "brand": "KINDER",
                "url": "https://www.kinder.com/au/en/kinder-natoons-consumer-promotion-faq",
                "source": "Source: kinder.com (https://www.kinder.com/au/en/kinder-natoons-consumer-promotion-faq)",
                "title": "Kinder Natoons Consumer Promotion FAQ - Kinder Australia and New Zealand",
                "headline": "Kinder Natoons Consumer Promotion FAQ",
                "type": "PRIZE",
                "heroCount": null,
                "totalWinners": null,
                "cadence": "daily",
                "prizeItems": [
                  "car",
                  "data",
                  "tv"
                ],
                "prizeValueHint": null,
                "confidence": 0.6,
                "viaRedemption": false,
                "giftCard": null
              },
              {
                "brand": "TCGPROMO",
                "url": "https://tcgpromo.com.au/au/en/xp/win/terms-lavazza/",
                "source": "Source: tcgpromo.com.au (https://tcgpromo.com.au/au/en/xp/win/terms-lavazza/)",
                "title": "Terms-Lavazza | Nutella¬†DeLonghi Promotion",
                "headline": "All draws will take place at 3:30pm AEST/AEDT (5:30pm NZDT) at Handling Matters Pty Ltd, Unit 40, 1-5 Thew Parade, Cromer NSW 2099 on the dates specified in the ...",
                "type": "PRIZE",
                "heroCount": 250,
                "totalWinners": null,
                "cadence": null,
                "prizeItems": [
                  "data",
                  "car",
                  "gift card",
                  "cash",
                  "plan"
                ],
                "prizeValueHint": "$15",
                "confidence": 0.6,
                "viaRedemption": false,
                "giftCard": null
              },
              {
                "brand": "Woolworths",
                "url": "https://www.lottos.com.au/competitions/viewthreadlite.php?tid=672336",
                "source": "Source: lottos.com.au (https://www.lottos.com.au/competitions/viewthreadlite.php?tid=672336)",
                "title": "Verifying...",
                "headline": "The winner of the Major Prize Draw will win one (1) $10,000 EFTPOS Gift Card. Total prize pool. The total prize pool is AU$50,000. How many ...",
                "type": "PRIZE",
                "heroCount": null,
                "totalWinners": null,
                "cadence": null,
                "prizeItems": [
                  "data"
                ],
                "prizeValueHint": null,
                "confidence": 0.6,
                "viaRedemption": false,
                "giftCard": null
              },
              {
                "brand": "KINDER",
                "url": "https://www.kinder.com/au/en/win",
                "source": "Source: kinder.com (https://www.kinder.com/au/en/win)",
                "title": "Win - Kinder Australia and New Zealand",
                "headline": "Enter for a chance to win 1 of 1500 Natoons Adventure Boards.",
                "type": "PRIZE",
                "heroCount": 150,
                "totalWinners": null,
                "cadence": null,
                "prizeItems": [
                  "data",
                  "car"
                ],
                "prizeValueHint": null,
                "confidence": 0.6,
                "viaRedemption": false,
                "giftCard": null
              },
              {
                "brand": "AP-SOUTHEAST-2",
                "url": "https://ap-southeast-2.graphassets.com/AY4aDPEmTRrKdZ4jgHiscz/cmbr6yjzfyqw6072vyro8jeep",
                "source": "Source: ap-southeast-2.graphassets.com (https://ap-southeast-2.graphassets.com/AY4aDPEmTRrKdZ4jgHiscz/cmbr6yjzfyqw6072vyro8jeep)",
                "title": "PR240643 - Conversion - Nutella and Kinder Biscuits Promotion",
                "headline": "Entries open at 12:00am AEST on 16/07/25 and close at 11:59pm AEST on 26/08/25. (‚ÄúCompetition Period‚Äù). Who can enter?",
                "type": "PRIZE",
                "heroCount": null,
                "totalWinners": null,
                "cadence": null,
                "prizeItems": [
                  "tv",
                  "giftcard",
                  "car"
                ],
                "prizeValueHint": "$79",
                "confidence": 0.6,
                "viaRedemption": false,
                "giftCard": null
              },
              {
                "brand": "FERRERO",
                "url": "https://www.ferrero.com/int/en/news-stories/news/tic-tac-launches-new-choose-your-match-campaign",
                "source": "Source: ferrero.com (https://www.ferrero.com/int/en/news-stories/news/tic-tac-launches-new-choose-your-match-campaign)",
                "title": "Tic Tac Launches &#039;Choose Your Match&#039; Campaign - Vote for the Next Limited-Edition Flavor | Ferrero",
                "headline": "Join Tic Tac's 'Choose Your Match' campaign and help decide the next limited-edition flavor! Explore new refreshing Tic Tac flavors, ...",
                "type": "PRIZE",
                "heroCount": null,
                "totalWinners": null,
                "cadence": null,
                "prizeItems": [
                  "car",
                  "plan",
                  "data",
                  "trip",
                  "tv"
                ],
                "prizeValueHint": null,
                "confidence": 0.6,
                "viaRedemption": false,
                "giftCard": null
              },
              {
                "brand": "EMPORIUMSHOWBAGS",
                "url": "https://emporiumshowbags.com.au/terms-and-conditions/",
                "source": "Source: emporiumshowbags.com.au (https://emporiumshowbags.com.au/terms-and-conditions/)",
                "title": "Terms and Conditions | Emporium Showbags",
                "headline": "Winners will be posted on @‚Äåemporiumshowbags Instagram stories at 7pm Wednesday 24th September 2025 AEDT. Winner will be contacted through our official ...",
                "type": "PRIZE",
                "heroCount": null,
                "totalWinners": null,
                "cadence": null,
                "prizeItems": [
                  "data",
                  "car",
                  "cash",
                  "gift card",
                  "voucher",
                  "tv"
                ],
                "prizeValueHint": "$500",
                "confidence": 0.6,
                "viaRedemption": false,
                "giftCard": null
              },
              {
                "brand": "Gelatissimo",
                "url": "https://gelatissimo.com.au/gelatissimo-marion-birthday-giveaway-tcs/",
                "source": "Source: gelatissimo.com.au (https://gelatissimo.com.au/gelatissimo-marion-birthday-giveaway-tcs/)",
                "title": "Gelatissimo Marion Birthday Giveaway T&amp;Cs - Gelatissimo",
                "headline": "Gelatissimo Marion Birthday Giveaway T&#038;Cs",
                "type": "PRIZE",
                "heroCount": null,
                "totalWinners": null,
                "cadence": "daily",
                "prizeItems": [
                  "data",
                  "car",
                  "gift card",
                  "cash",
                  "tv"
                ],
                "prizeValueHint": "$500",
                "confidence": 0.6,
                "viaRedemption": false,
                "giftCard": null
              },
              {
                "brand": "GELATISSIMO",
                "url": "https://gelatissimo.com.au/social-competition-terms-conditions/",
                "source": "Source: gelatissimo.com.au (https://gelatissimo.com.au/social-competition-terms-conditions/)",
                "title": "Social Competitions - Terms &amp; Conditions - Gelatissimo",
                "headline": "Social Competitions &#8211; Terms &#038; Conditions",
                "type": "PRIZE",
                "heroCount": null,
                "totalWinners": null,
                "cadence": "daily",
                "prizeItems": [
                  "data",
                  "car",
                  "gift card",
                  "cash",
                  "tv"
                ],
                "prizeValueHint": "$20",
                "confidence": 0.6,
                "viaRedemption": false,
                "giftCard": null
              },
              {
                "brand": "GELATISSIMO",
                "url": "https://gelatissimo.com.au/turtally-awesome-colouring-in-competition/",
                "source": "Source: gelatissimo.com.au (https://gelatissimo.com.au/turtally-awesome-colouring-in-competition/)",
                "title": "Turtally Awesome Colouring In Competition - Gelatissimo",
                "headline": "Turtally Awesome Colouring In Competition",
                "type": "PRIZE",
                "heroCount": 46,
                "totalWinners": null,
                "cadence": "daily",
                "prizeItems": [
                  "data",
                  "car",
                  "cash",
                  "plan",
                  "gift card",
                  "tv"
                ],
                "prizeValueHint": "$49",
                "confidence": 0.6,
                "viaRedemption": false,
                "giftCard": null
              },
              {
                "brand": "GELATISSIMO",
                "url": "https://gelatissimo.com.au/celebrate-mont-blanc-moccamaster-giveaway-tcs/",
                "source": "Source: gelatissimo.com.au (https://gelatissimo.com.au/celebrate-mont-blanc-moccamaster-giveaway-tcs/)",
                "title": "Celebrate Mont Blanc - Moccamaster Giveaway T&amp;Cs - Gelatissimo",
                "headline": "Celebrate Mont Blanc &#8211; Moccamaster Giveaway T&#038;Cs",
                "type": "PRIZE",
                "heroCount": null,
                "totalWinners": null,
                "cadence": "daily",
                "prizeItems": [
                  "data",
                  "car",
                  "cash",
                  "gift card",
                  "tv"
                ],
                "prizeValueHint": "$600",
                "confidence": 0.6,
                "viaRedemption": false,
                "giftCard": null
              },
              {
                "brand": "Gelatissimo",
                "url": "https://gelatissimo.com.au/gelatissimo-x-transformers-one-merchandise-competition-terms-conditions/",
                "source": "Source: gelatissimo.com.au (https://gelatissimo.com.au/gelatissimo-x-transformers-one-merchandise-competition-terms-conditions/)",
                "title": "Gelatissimo x TRANSFORMERS ONE Merchandise Competition Terms &amp; Conditions - Gelatissimo",
                "headline": "Gelatissimo x TRANSFORMERS ONE Merchandise Competition Terms &#038; Conditions",
                "type": "PRIZE",
                "heroCount": 15,
                "totalWinners": null,
                "cadence": "daily",
                "prizeItems": [
                  "data",
                  "car",
                  "cash",
                  "plan",
                  "gift card",
                  "tv"
                ],
                "prizeValueHint": "$500",
                "confidence": 0.6,
                "viaRedemption": false,
                "giftCard": null
              }
            ]
          },
          "retailers": {
            "names": [
              "Coles",
              "Woolworths",
              "ALDI",
              "IGA",
              "7-Eleven",
              "IGA / Metcash",
              "Convenience chains (7-Eleven, NightOwl)"
            ],
            "facts": [
              {
                "claim": "Shop Wicked Sister Products Online ‚Äî Spend $20 in one transaction, scan your Flybuys and receive one bonus ... Coles Online - Hawthorn East, Victoria Australia 3123 ¬© Copyright Coles 2025 ...",
                "source": "Source: coles.com.au (https://www.coles.com.au/brands/wicked-sister-2243304464?srsltid=AfmBOorYQ8EpCARESOfggSYw6a0kH6Cd3I8WTHdJ2uPnxIgPwdEmQSyX)"
              },
              {
                "claim": "Shop Wicked Products Online ‚Äî Wicked Sister High Protein Chocolate Pudding | 170g. Wicked Sister High Protein Chocolate Pudding | 170g. $3.30. $1.94 per 100g.",
                "source": "Source: coles.com.au (https://www.coles.com.au/brands/wicked-209964905?srsltid=AfmBOortoQhVbLxDlHASP978vo60t2xIrbty54sQNgLP1XZNkHeuMoVj)"
              },
              {
                "claim": "Shop Wicked Sister Products Online ‚Äî Shop your way at Coles. Our range of Wicked Sister products at everyday low prices you know and trust. Shop online and get home delivery or click and ...",
                "source": "Source: coles.com.au (https://www.coles.com.au/brands/wicked-sister-2243304464?srsltid=AfmBOophw4pZ-ovAdz4Yo1Wu-oOmT-q36A_DguVvm1KJ1Y5teT7wiTKK)"
              },
              {
                "claim": "Browse Frozen Desserts ‚Äî Frozen Desserts ; Sara Lee Lemon Cheesecake | 410g ¬∑ $2.20 per 100g ; Sara Lee Frozen Chocolate Buttercake | 350g ¬∑ $2.57 per 100g ; Sara Lee ...",
                "source": "Source: coles.com.au (https://www.coles.com.au/browse/frozen/frozen-desserts?srsltid=AfmBOoqADk4B-Ru-b16VsUXkYkjrkoV-PHhDU49mf67OBdGP2in7EG7t)"
              },
              {
                "claim": "Browse Assorted Desserts ‚Äî Assorted Desserts ; Sara Lee Frozen Chocolate Buttercake | 350g ¬∑ $9.00. $2.57 per 100g ; Coles Finest Triple Chocolate Buche | 470g ¬∑ $18.00.",
                "source": "Source: coles.com.au (https://www.coles.com.au/browse/frozen/frozen-desserts/assorted-desserts?srsltid=AfmBOoqLhpCXuJ8382fayyc4PQ8RPG3OAm3owlAHdkMPjR1g9IWQL5_N)"
              },
              {
                "claim": "Browse Frozen ‚Äî Binggrae Samanco Dessert Sandwich 4 Pack. Frozen dessert with strawberry or red bean flavours. Shop Now.",
                "source": "Source: coles.com.au (https://www.coles.com.au/browse/frozen?srsltid=AfmBOooaZxqdFdACnLS3yFGQgsu_guylkITN7tX67HTQrC-MnBEEpot1)"
              },
              {
                "claim": "Browse Ice Cream ‚Äî Proud & Punch Coconuts For Mango Frozen Dessert 6 Pack | 450mL. Proud & Punch Coconuts For Mango Frozen Dessert 6 Pack | 450mL. $4.25.",
                "source": "Source: coles.com.au (https://www.coles.com.au/browse/frozen/ice-cream?srsltid=AfmBOopKVUD0tKALr3q2cigrPI24lPrC5JUNTGfeZWP0tHdIiJ964h_W)"
              },
              {
                "claim": "Browse Cakes & Cheesecakes ‚Äî Sara Lee Lemon Cheesecake | 410g ¬∑ $2.20 per 100g ; Sara Lee Frozen Chocolate Buttercake | 350g ¬∑ $2.57 per 100g ; Sara Lee Frozen Chocolate ...",
                "source": "Source: coles.com.au (https://www.coles.com.au/browse/frozen/frozen-desserts/cakes-cheesecakes?srsltid=AfmBOoqRuWbhAPkO3Sbtpqm1KvK3E9gS8F9j4TO18tYXyN36IOJMwGxq)"
              }
            ]
          },
          "season": {
            "label": "Spring in Australia",
            "facts": []
          },
          "market": {
            "facts": [
              {
                "claim": "Bridging the gap: Trends and challenges in grocery and retail ‚Äî With consumers increasingly seeking convenience, food-to-go and meal solutions are becoming increasingly popular. While many grocery retailers ...",
                "source": "Source: retail.org.au (https://www.retail.org.au/news-and-insights/bridging-the-gap-trends-and-challenges-in-grocery-and-retail)"
              },
              {
                "claim": "Supermarkets and Grocery Stores in Australia ‚Äî Trends and Insights ¬∑ ACCC's supermarket inquiry has highlighted key industry dynamics. ¬∑ Changing consumer trends are causing a shift in store product mixes.",
                "source": "Source: ibisworld.com (https://www.ibisworld.com/australia/industry/supermarkets-and-grocery-stores/1834/)"
              },
              {
                "claim": "Australian Retail Outlook 2025 ‚Äî Retail sector trends and insights for 2025, including digital evolution, customer experience, sustainability and supply chain optimisation.",
                "source": "Source: kpmg.com (https://kpmg.com/au/en/insights/industry/australian-retail-outlook.html)"
              },
              {
                "claim": "People infer better odds when many winners are visible; cadence visibility (e.g., daily awards) increases perceived fairness.",
                "source": "Source: indicative (behavioural marketing literature)"
              }
            ]
          },
          "signals": {
            "facts": [
              {
                "claim": "Client: Wicked Sister",
                "source": "Source: brief"
              },
              {
                "claim": "Brand: Wicked Sister",
                "source": "Source: brief"
              },
              {
                "claim": "Campaign objective: Drive two-pack purchases and capture opted-in dessert fans before the Wicked film release.",
                "source": "Source: brief"
              },
              {
                "claim": "Promotion type: INSTANT_WIN",
                "source": "Source: brief"
              },
              {
                "claim": "Mechanic: Buy 2 products, upload receipts and discover instantly if you‚Äôve scored a movie ticket.",
                "source": "Source: brief"
              },
              {
                "claim": "Hook: Win a Movie Ticket Instantly",
                "source": "Source: brief"
              },
              {
                "claim": "Channels: In-store",
                "source": "Source: brief"
              },
              {
                "claim": "Channels: Social",
                "source": "Source: brief"
              },
              {
                "claim": "Channels: Digital",
                "source": "Source: brief"
              },
              {
                "claim": "Channels: Influencer",
                "source": "Source: brief"
              },
              {
                "claim": "Channels: Retail Media",
                "source": "Source: brief"
              },
              {
                "claim": "Channels: GROCERY",
                "source": "Source: brief"
              },
              {
                "claim": "Channels: CONVENIENCE",
                "source": "Source: brief"
              },
              {
                "claim": "Season/theme: Spring",
                "source": "Source: brief"
              },
              {
                "claim": "Staff burden: ZERO",
                "source": "Source: brief"
              },
              {
                "claim": "Proof requirement: FULL_RECEIPT",
                "source": "Source: brief"
              },
              {
                "claim": "Entry mechanic cues: Win a Movie Ticket Instantly",
                "source": "Source: brief"
              },
              {
                "claim": "Entry mechanic cues: Buy 2 products, upload receipts and discover instantly if you‚Äôve scored a movie ticket.",
                "source": "Source: brief"
              },
              {
                "claim": "Campaign title: Spring Movie Launch",
                "source": "Source: brief"
              },
              {
                "claim": "IP tie-in briefed (licensed): Wicked ‚Äî For Good | type: FILM | window: November 2025.",
                "source": "Source: brief"
              },
              {
                "claim": "Recent promos show hero prize counts clustering around ~35.5 (mode ‚âà 1).",
                "source": "Source: indicative (live promo scan)"
              },
              {
                "claim": "Cadence cues common in-market: instant & weekly & daily.",
                "source": "Source: indicative (live promo scan)"
              }
            ]
          },
          "benchmarks": {
            "heroPrize": {
              "median": 35.5,
              "mode": 1
            },
            "cadenceShare": {
              "instant": 0.3529411764705883,
              "weekly": 0.2352941176470588,
              "daily": 0.4117647058823529
            },
            "manyWinnersShare": 0,
            "prizeCountsObserved": {
              "total": 10,
              "common": [
                {
                  "count": 1,
                  "share": 0.2
                },
                {
                  "count": 150,
                  "share": 0.2
                },
                {
                  "count": 3,
                  "share": 0.1
                }
              ]
            },
            "recommendedHeroCount": 3,
            "positionVsMarket": "UNKNOWN"
          },
          "meta": {
            "level": "MAX",
            "warnings": [],
            "usedFallbacks": [],
            "searchProvider": "serper",
            "logs": [
              "search:serper:The Wicked Sisters shopper promotion AU -> 6",
              "search:serper:The Wicked Sisters Coles promotion AU -> 6",
              "search:serper:Frozen dessert Australia market trend -> 6",
              "search:serper:Australia grocery & convenience retail trends -> 6",
              "search:serper:The Wicked Sisters shopper insights AU -> 6",
              "search:serper:Frozen dessert promotion Australia -> 6",
              "search:serper:The Wicked Sisters consumer insights AU -> 6",
              "search:serper:The Wicked Sisters consumer research AU -> 6",
              "search:serper:The Wicked Sisters Coles activation Australia -> 6",
              "search:serper:Frozen dessert category growth Australia -> 6",
              "search:serper:The Wicked Sisters brand campaign AU -> 6",
              "search:serper:The Wicked Sisters buyer insight AU -> 6",
              "search:serper:The Wicked Sisters Coles buyer pitch -> 6",
              "search:serper:The Wicked Sisters market share AU -> 6",
              "search:serper:The Wicked Sisters audience profile Australia -> 6",
              "search:serper:The Wicked Sisters Drive two-pack purchases and capture opted-in dessert fans before the Wicked film release. promotion AU -> 6",
              "search:serper:The Wicked Sisters Coles range review -> 6",
              "search:serper:The Wicked Sisters category performance AU -> 6",
              "search:serper:Primary grocery buyers shopper insights AU -> 6",
              "search:serper:The Wicked Sisters Coles case study -> 6",
              "search:serper:The Wicked Sisters Win a Movie Ticket Instantly promotion AU -> 6",
              "search:serper:The Wicked Sisters sales growth AU -> 6",
              "search:serper:Primary grocery buyers promotion response AU -> 6",
              "search:serper:The Wicked Sisters Woolworths promotion AU -> 6",
              "search:serper:The Wicked Sisters Buy 2 products, upload receipts and discover instantly if you‚Äôve scored a movie ticket. promotion AU -> 6",
              "search:serper:The Wicked Sisters Woolworths activation Australia -> 6",
              "search:serper:The Wicked Sisters Australia -> 6",
              "search:serper:They reward the family with purposeful treats that feel magical but still practical. shopper insights AU -> 6",
              "search:serper:The Wicked Sisters prize draw Australia -> 6",
              "search:serper:The Wicked Sisters Woolworths buyer pitch -> 6",
              "search:serper:They reward the family with purposeful treats that feel magical but still practical. promotion response AU -> 6",
              "search:serper:Plans movie nights, shares dessert finds on social, responds to retailer app notifications. shopper insights AU -> 6",
              "search:serper:The Wicked Sisters Woolworths range review -> 6",
              "search:serper:The Wicked Sisters Woolworths case study -> 6",
              "search:serper:Plans movie nights, shares dessert finds on social, responds to retailer app notifications. promotion response AU -> 6",
              "search:serper:In-store shopper behaviour AU -> 6",
              "search:serper:The Wicked Sisters ALDI promotion AU -> 6",
              "search:serper:The Wicked Sisters ALDI activation Australia -> 6",
              "search:serper:Social shopper behaviour AU -> 6",
              "search:serper:The Wicked Sisters ALDI buyer pitch -> 6",
              "search:serper:Digital shopper behaviour AU -> 6",
              "search:serper:Influencer shopper behaviour AU -> 6",
              "search:serper:The Wicked Sisters ALDI range review -> 6",
              "search:serper:The Wicked Sisters ALDI case study -> 6",
              "search:serper:Australia grocery shopper promotion trends -> 6",
              "search:serper:The Wicked Sisters IGA promotion AU -> 6",
              "search:serper:front-of-store impulse purchase research Australia -> 6",
              "search:serper:The Wicked Sisters IGA activation Australia -> 6",
              "search:serper:AU retail promotional response study -> 6",
              "search:serper:The Wicked Sisters IGA buyer pitch -> 6",
              "search:serper:The Wicked Sisters IGA range review -> 6",
              "search:serper:The Wicked Sisters IGA case study -> 6",
              "search:serper:The Wicked Sisters 7-Eleven promotion AU -> 6",
              "search:serper:The Wicked Sisters 7-Eleven activation Australia -> 6",
              "search:serper:The Wicked Sisters 7-Eleven buyer pitch -> 6",
              "search:serper:The Wicked Sisters 7-Eleven range review -> 6",
              "search:serper:The Wicked Sisters 7-Eleven case study -> 6",
              "search:serper:The Wicked Sisters IGA / Metcash promotion AU -> 6",
              "search:serper:The Wicked Sisters IGA / Metcash activation Australia -> 6",
              "search:serper:The Wicked Sisters IGA / Metcash buyer pitch -> 2",
              "search:serper:The Wicked Sisters IGA / Metcash range review -> 6",
              "search:serper:The Wicked Sisters IGA / Metcash case study -> 6",
              "search:serper:The Wicked Sisters Convenience chains (7-Eleven, NightOwl) promotion AU -> 6",
              "search:serper:The Wicked Sisters Convenience chains (7-Eleven, NightOwl) activation Australia -> 6",
              "search:serper:The Wicked Sisters Convenience chains (7-Eleven, NightOwl) buyer pitch -> 6",
              "search:serper:The Wicked Sisters Convenience chains (7-Eleven, NightOwl) range review -> 6",
              "search:serper:The Wicked Sisters Convenience chains (7-Eleven, NightOwl) case study -> 6",
              "search:serper:The Wicked Sisters ranging Australia -> 6",
              "search:serper:The Wicked Sisters retail buyer feedback -> 6",
              "search:serper:The Wicked Sisters supermarket partnership Australia -> 6",
              "search:serper:Coles freezer space Frozen dessert AU -> 5",
              "search:serper:Frozen dessert treat cost of living AU -> 5",
              "search:serper:Coles range review Frozen dessert AU -> 5",
              "search:serper:Frozen dessert grocery budget indulgence AU -> 5",
              "search:serper:Coles shelf space competition Frozen dessert -> 5",
              "search:serper:Frozen dessert family dessert sharing insight -> 5",
              "search:serper:Woolworths freezer space Frozen dessert AU -> 5",
              "search:serper:Frozen dessert shopper mum buying for family -> 5",
              "search:serper:Woolworths range review Frozen dessert AU -> 5",
              "search:serper:Woolworths shelf space competition Frozen dessert -> 5",
              "search:serper:Frozen dessert affordable luxury Australia -> 5",
              "search:serper:ALDI freezer space Frozen dessert AU -> 5",
              "search:serper:cost of living grocery treat australia -> 5",
              "search:serper:ALDI range review Frozen dessert AU -> 5",
              "search:serper:grocery buyer vs eater insight australia -> 5",
              "search:serper:The Wicked Sisters shopper insight australia -> 5",
              "search:serper:ALDI shelf space competition Frozen dessert -> 5",
              "search:serper:The Wicked Sisters cost of living -> 5",
              "search:serper:IGA freezer space Frozen dessert AU -> 5",
              "search:serper:The Wicked Sisters treat mom insight -> 5",
              "search:serper:IGA range review Frozen dessert AU -> 5",
              "search:serper:IGA shelf space competition Frozen dessert -> 5",
              "search:serper:7-Eleven freezer space Frozen dessert AU -> 5",
              "search:serper:7-Eleven range review Frozen dessert AU -> 5",
              "search:serper:7-Eleven shelf space competition Frozen dessert -> 5",
              "search:serper:IGA / Metcash freezer space Frozen dessert AU -> 5",
              "search:serper:IGA / Metcash range review Frozen dessert AU -> 5",
              "search:serper:IGA / Metcash shelf space competition Frozen dessert -> 5",
              "search:serper:The Wicked Sisters Coles ranging -> 5",
              "search:serper:The Wicked Sisters Woolworths range -> 5",
              "search:serper:The Wicked Sisters freezer facings Australia -> 5",
              "search:serper:Frozen dessert freezer space Australia -> 5",
              "search:serper:Frozen dessert shelf share supermarket -> 5",
              "search:serper:Frozen dessert private label competition Australia -> 5",
              "search:serper:Frozen dessert range review Coles -> 5",
              "search:serper:Frozen dessert range review Woolworths -> 5",
              "search:serper:Frozen dessert independent grocer freezer -> 5",
              "search:serper:Rokeby Farms freezer space Coles -> 5",
              "search:serper:Rokeby Farms Woolworths freezer -> 5",
              "search:serper:Priestley‚Äôs Gourmet Delights freezer space Coles -> 5",
              "search:serper:Priestley‚Äôs Gourmet Delights Woolworths freezer -> 5",
              "search:serper:Jillian's Cakery freezer space Coles -> 5",
              "search:serper:Rokeby Farms promotion AU -> 6",
              "search:serper:Rokeby Farms competition AU -> 6",
              "search:serper:Priestley‚Äôs Gourmet Delights promotion AU -> 6",
              "search:serper:Priestley‚Äôs Gourmet Delights competition AU -> 6",
              "search:serper:Jillian's Cakery promotion AU -> 6",
              "search:serper:Jillian's Cakery competition AU -> 6",
              "search:serper:Belle Fleur promotion AU -> 6",
              "search:serper:Belle Fleur competition AU -> 6",
              "search:serper:Beak & Johnston promotion AU -> 6",
              "search:serper:Beak & Johnston competition AU -> 6",
              "search:serper:Carman's promotion AU -> 6",
              "search:serper:Carman's competition AU -> 6",
              "search:serper:Pauls PLUS+ promotion AU -> 6",
              "search:serper:Pauls PLUS+ competition AU -> 6",
              "search:serper:Chobani promotion AU -> 6",
              "search:serper:Chobani competition AU -> 6",
              "search:serper:Rokeby Farms brand overview AU -> 6",
              "search:serper:Rokeby Farms chilled dessert brand Australia -> 6",
              "search:serper:Rokeby Farms shopper insight AU -> 6",
              "search:serper:Rokeby Farms retail distribution Australia -> 6",
              "search:serper:The Wicked Sisters vs Rokeby Farms -> 6",
              "search:serper:The Wicked Sisters and Rokeby Farms market share -> 6",
              "search:serper:The Wicked Sisters Rokeby Farms comparison Australia -> 6",
              "search:serper:Priestley‚Äôs Gourmet Delights brand overview AU -> 6",
              "search:serper:Priestley‚Äôs Gourmet Delights chilled dessert brand Australia -> 6",
              "search:serper:Priestley‚Äôs Gourmet Delights shopper insight AU -> 6",
              "search:serper:Priestley‚Äôs Gourmet Delights retail distribution Australia -> 6",
              "search:serper:The Wicked Sisters vs Priestley‚Äôs Gourmet Delights -> 6",
              "search:serper:The Wicked Sisters and Priestley‚Äôs Gourmet Delights market share -> 6",
              "search:serper:The Wicked Sisters Priestley‚Äôs Gourmet Delights comparison Australia -> 6",
              "search:serper:Jillian's Cakery brand overview AU -> 6",
              "search:serper:Jillian's Cakery chilled dessert brand Australia -> 6",
              "search:serper:Jillian's Cakery shopper insight AU -> 6",
              "search:serper:Jillian's Cakery retail distribution Australia -> 6",
              "search:serper:The Wicked Sisters vs Jillian's Cakery -> 6",
              "search:serper:The Wicked Sisters and Jillian's Cakery market share -> 6",
              "search:serper:The Wicked Sisters Jillian's Cakery comparison Australia -> 6",
              "search:serper:Belle Fleur brand overview AU -> 6",
              "search:serper:Belle Fleur chilled dessert brand Australia -> 6",
              "search:serper:Belle Fleur shopper insight AU -> 6",
              "search:serper:Belle Fleur retail distribution Australia -> 6",
              "search:serper:The Wicked Sisters vs Belle Fleur -> 6",
              "search:serper:The Wicked Sisters and Belle Fleur market share -> 6",
              "search:serper:The Wicked Sisters Belle Fleur comparison Australia -> 6",
              "search:serper:Beak & Johnston brand overview AU -> 6",
              "search:serper:Beak & Johnston chilled dessert brand Australia -> 6",
              "search:serper:Beak & Johnston shopper insight AU -> 6",
              "search:serper:Beak & Johnston retail distribution Australia -> 6",
              "search:serper:The Wicked Sisters vs Beak & Johnston -> 6",
              "search:serper:The Wicked Sisters and Beak & Johnston market share -> 6",
              "search:serper:The Wicked Sisters Beak & Johnston comparison Australia -> 6",
              "search:serper:Carman's brand overview AU -> 6",
              "search:serper:Carman's chilled dessert brand Australia -> 6",
              "search:serper:Carman's shopper insight AU -> 6",
              "search:serper:Carman's retail distribution Australia -> 6",
              "search:serper:The Wicked Sisters vs Carman's -> 6",
              "search:serper:The Wicked Sisters and Carman's market share -> 6",
              "search:serper:The Wicked Sisters Carman's comparison Australia -> 6",
              "search:serper:Pauls PLUS+ brand overview AU -> 6",
              "search:serper:Pauls PLUS+ chilled dessert brand Australia -> 6",
              "search:serper:Pauls PLUS+ shopper insight AU -> 6",
              "search:serper:Pauls PLUS+ retail distribution Australia -> 6",
              "search:serper:The Wicked Sisters vs Pauls PLUS+ -> 6",
              "search:serper:The Wicked Sisters and Pauls PLUS+ market share -> 6",
              "editorial:success",
              "catType=GENERIC",
              "liquorSub=UNKNOWN",
              "assured=false",
              "promos_collected=83",
              "benchmarks={\"heroPrize\":{\"median\":35.5,\"mode\":1},\"cadenceShare\":{\"instant\":0.35294117647058826,\"weekly\":0.23529411764705882,\"daily\":0.4117647058823529},\"manyWinnersShare\":0,\"prizeCountsObserved\":{\"total\":10,\"common\":[{\"count\":1,\"share\":0.2},{\"count\":150,\"share\":0.2},{\"count\":3,\"share\":0.1}]},\"recommendedHeroCount\":3,\"positionVsMarket\":\"UNKNOWN\"}"
            ],
            "cachedAt": "2025-11-01T07:36:39.136Z"
          },
          "insights": {
            "brand": [
              {
                "text": "Wicked Sister x Wicked ‚Äî Purchase any two packs of Wicked Sister Products for your chance to instantly win a movie ticket!",
                "source": "wickedsisterwin.com.au"
              },
              {
                "text": "FAQs - Wicked Sister x Wicked ‚Äî Buy any 2 packs of Wicked Sister products in one transaction from a Woolworths store during the Woolworths Exclusive promotion period. Then go ...",
                "source": "wickedsisterwin.com.au"
              },
              {
                "text": "Wicked Sister: Home Page ‚Äî Enjoy wickedly delicious desserts designed for everyday indulgence by Wicked Sister. Explore our wicked range, try recipes and find stockists here.",
                "source": "wickedsister.com.au"
              }
            ],
            "audience": [
              {
                "text": "Wicked Sister goes 'For Good' with new Wicked-inspired ... ‚Äî Chilled dessert brand Wicked Sister has launched limited-edition dessert pots inspired by Wicked: For Good film set to premiere next month.",
                "source": "insidefmcg.com.au"
              },
              {
                "text": "Paul Polly from Wicked Sister | Determined to succeed ‚Äî This is the story of Paul Polly and Wicked Sister desserts. Learn how he went from one pot to a $12 million factory.",
                "source": "nab.com.au"
              },
              {
                "text": "Wicked Sister bulks up protein pudding pack size ‚Äî With 15 grams of protein per serving and available in chocolate, strawberry, banana, along with a new vanilla flavour, these join the wider 170 ...",
                "source": "foodanddrinkbusiness.com.au"
              }
            ],
            "retailers": [
              {
                "text": "Shop Wicked Sister Products Online ‚Äî Spend $20 in one transaction, scan your Flybuys and receive one bonus ... Coles Online - Hawthorn East, Victoria Australia 3123 ¬© Copyright Coles 2025 ...",
                "source": "coles.com.au"
              },
              {
                "text": "Shop Wicked Products Online ‚Äî Wicked Sister High Protein Chocolate Pudding | 170g. Wicked Sister High Protein Chocolate Pudding | 170g. $3.30. $1.94 per 100g.",
                "source": "coles.com.au"
              },
              {
                "text": "Shop Wicked Sister Products Online ‚Äî Shop your way at Coles. Our range of Wicked Sister products at everyday low prices you know and trust. Shop online and get home delivery or click and ...",
                "source": "coles.com.au"
              },
              {
                "text": "Browse Frozen Desserts ‚Äî Frozen Desserts ; Sara Lee Lemon Cheesecake | 410g ¬∑ $2.20 per 100g ; Sara Lee Frozen Chocolate Buttercake | 350g ¬∑ $2.57 per 100g ; Sara Lee ...",
                "source": "coles.com.au"
              }
            ],
            "market": [
              {
                "text": "Bridging the gap: Trends and challenges in grocery and retail ‚Äî With consumers increasingly seeking convenience, food-to-go and meal solutions are becoming increasingly popular. While many grocery retailers ...",
                "source": "retail.org.au"
              },
              {
                "text": "Supermarkets and Grocery Stores in Australia ‚Äî Trends and Insights ¬∑ ACCC's supermarket inquiry has highlighted key industry dynamics. ¬∑ Changing consumer trends are causing a shift in store product mixes.",
                "source": "ibisworld.com"
              },
              {
                "text": "Australian Retail Outlook 2025 ‚Äî Retail sector trends and insights for 2025, including digital evolution, customer experience, sustainability and supply chain optimisation.",
                "source": "kpmg.com"
              }
            ],
            "signals": [
              {
                "text": "Client: Wicked Sister",
                "source": "brief"
              },
              {
                "text": "Brand: Wicked Sister",
                "source": "brief"
              },
              {
                "text": "Campaign objective: Drive two-pack purchases and capture opted-in dessert fans before the Wicked film release.",
                "source": "brief"
              },
              {
                "text": "Promotion type: INSTANT_WIN",
                "source": "brief"
              }
            ],
            "competitors": [
              {
                "text": "Brief competitor: Streets",
                "source": "brief"
              },
              {
                "text": "Rokeby Farms Chocolate Protein Smoothie 6 x 425ml ‚Äî Rokeby Farms Chocolate Protein Smoothie 6 x 425ml is a protein drink providing all 9 essential amino acids while providing sustained energy and fullness.",
                "source": "costco.com.au"
              },
              {
                "text": "Rokeby Farms ‚Äî All Rokeby Farms products are now available with Subscribe & Save ¬∑ Enjoy 5% off on every recurring order!",
                "source": "bulkeatswarehouse.com.au"
              },
              {
                "text": "Rokeby Nutrition ‚Äî Rokeby is a nutrition food company based in Melbourne. We make a range of award-winning dairy products to enjoy as part of a healthy lifestyle.",
                "source": "rokebynutrition.com"
              }
            ]
          },
          "dossier": {
            "brandTruths": [
              {
                "text": "Wicked Sister is leveraging the excitement of the upcoming 'Wicked: For Good' film by launching a limited-edition dessert pot range, aiming to drive consumer engagement through a movie-themed promotion.",
                "source": "insidefmcg.com.au"
              },
              {
                "text": "The brand's promotion offers an instant win mechanic, where purchasing two packs of Wicked Sister products gives consumers a chance to win movie tickets, effectively incentivizing multi-pack purchases.",
                "source": "wickedsisterwin.com.au"
              }
            ],
            "shopperTensions": [
              {
                "text": "Consumers are increasingly seeking convenience and indulgence, yet face cost-of-living pressures that may limit discretionary spending on premium desserts.",
                "source": "retail.org.au"
              },
              {
                "text": "While Wicked Sister positions itself as an everyday indulgence, the need to balance health-conscious choices with indulgence may create tension for health-aware consumers.",
                "source": "wickedsister.com.au"
              }
            ],
            "retailerReality": [
              {
                "text": "Coles and Woolworths dominate the retail landscape, with exclusive promotions like the Wicked Sister x Wicked campaign running through Woolworths, highlighting the retailer's clout in driving brand visibility.",
                "source": "coles.com.au"
              },
              {
                "text": "Freezer congestion in major supermarkets can limit shelf space for new product launches, making strategic partnerships with retailers crucial for visibility.",
                "source": "woolworths.com.au"
              }
            ],
            "competitorMoves": [
              {
                "text": "Rokeby Farms is expanding its product range with high-protein offerings, appealing to health-conscious consumers and potentially diverting attention from indulgent dessert options.",
                "source": "rokebynutrition.com"
              },
              {
                "text": "Competitors like Streets continue to maintain strong market presence, emphasizing the need for Wicked Sister to differentiate through unique promotions and partnerships.",
                "source": "brief"
              }
            ],
            "categorySignals": [
              {
                "text": "The frozen desserts market is projected to grow significantly, with a CAGR of approximately 5.4% from 2024 to 2034, indicating a robust opportunity for brands like Wicked Sister to capture market share.",
                "source": "globalinsightservices.com"
              },
              {
                "text": "The Australian ice cream market is expected to grow at a slower pace, with a 1.51% CAGR, suggesting that innovation and unique marketing strategies will be key to driving growth in the frozen dessert segment.",
                "source": "expertmarketresearch.com.au"
              }
            ],
            "benchmarks": []
          }
        },
        "benchmarks": {
          "cashback": {
            "sample": 0,
            "typicalAbs": null,
            "maxAbs": null,
            "typicalPct": null,
            "maxPct": null,
            "sources": []
          },
          "prizeCountsObserved": {
            "total": 0,
            "common": []
          },
          "recommendedHeroCount": 3,
          "cashbackIsCompetitive": "UNKNOWN"
        },
        "authoritative": {
          "assured_value": false,
          "has_major_prize": false,
          "prize_presence": "BREADTH_ONLY",
          "instant_win": true
        },
        "breadth_prize": {
          "count": 2010,
          "labelHint": "~17 winners a day"
        },
        "handoff": {
          "research_provided": true,
          "do_not_research": true,
          "prohibitions": []
        }
      },
      "params": {
        "meta": {
          "kind": "framing.v2",
          "behavioural_objective": "Drive two-pack purchases and capture opted-in dessert fans before the Wicked film release.",
          "tensions": [
            "Convenience vs indulgence",
            "Cost-of-living pressures",
            "Health-conscious choices"
          ],
          "audience": {
            "mindsets": [
              {
                "name": "Family Builders",
                "job": "Reward the family with purposeful treats that feel magical but still practical."
              }
            ]
          },
          "category_competition": {
            "tropes_to_avoid": [
              "Generic movie tie-ins"
            ],
            "spaces_to_own": [
              "Instant win excitement",
              "Family movie night"
            ]
          },
          "market_facts": [],
          "idea_core": [
            "Instantly win movie tickets",
            "Celebrate family movie nights"
          ],
          "proposition_candidates": [
            "Instant win excitement",
            "Family movie night magic"
          ],
          "hooks": [
            "Win a Movie Ticket Instantly",
            "Celebrate with Wicked Sister"
          ],
          "reasons_to_believe": [
            "Wicked Sister's indulgent desserts",
            "Exciting movie tie-in"
          ],
          "improvement_hypotheses": [
            "If reward is single-admit (e.g., one ticket), test pairing (two passes) to enable shared experience without inflating perceived cost.",
            "Default to a double pass so no one goes alone; optionally test Family or Gold Class tiers.",
            "Test a tight hero overlay (3 winners) aligned to the IP theme; keep breadth and cadence visible.",
            "Add a symbolic prize to enhance brand connection",
            "Highlight total winners to improve perceived odds"
          ],
          "prize_map": {
            "items": [
              "[object Object]"
            ],
            "has_symbolic_prize": false
          },
          "brand_truths": [
            "Wicked Sister offers everyday indulgence",
            "Aligns with family movie nights"
          ],
          "distinctive_assets": {
            "visual": [
              "Wicked Sister logo",
              "Movie-themed packaging"
            ],
            "verbal": [
              "Indulgent desserts",
              "Family rewards"
            ],
            "ritual": [
              "Sharing desserts during movie nights"
            ]
          },
          "category_codes": {
            "lean": [
              "Instant win promotions",
              "Family-focused marketing"
            ],
            "break": [
              "Complex entry mechanics",
              "Single mega-prizes"
            ]
          },
          "tone_of_voice": {
            "do": [
              "Be playful",
              "Emphasize excitement"
            ],
            "dont": [
              "Be overly complex",
              "Use technical jargon"
            ]
          },
          "non_negotiables": [
            "Instant win mechanic",
            "Movie ticket prize"
          ],
          "offer_iq": {
            "score": 4.9,
            "verdict": "REVIEW",
            "confidence": 0.45,
            "lenses": {
              "adequacy": {
                "score": 4.5,
                "why": "Expected buyers/entries not provided; adequacy judged via cadence and visibility.",
                "fix": "Add: expected buyers/entries and total winners, or show ‚ÄúTotal winners‚Äù and cadence in communications."
              },
              "simplicity": {
                "score": 6.5,
                "why": "Some admin implied (fields/proof or wait time).",
                "fix": "Keep claim one-screen; limit fields; good OCR; publish timelines."
              },
              "certainty": {
                "score": 4,
                "why": "Perceived odds unclear; cadence thin.",
                "fix": "Show cadence and ‚ÄúTotal winners‚Äù; avoid fine print that hides odds."
              },
              "salience": {
                "score": 4,
                "why": "Needs a visible moment or total-winners headline.",
                "fix": "Publish ‚ÄúTotal winners‚Äù and name the cadence; add a bold moment line."
              },
              "talkability": {
                "score": 5,
                "why": "Seasonal hook helps.",
                "fix": "Add a brand-right experiential or symbolic angle."
              },
              "retailerFit": {
                "score": 6,
                "why": "Ensure any adjudication is central; ship pre-packed POS.",
                "fix": "Keep staff script ‚â§5s; no in-store adjudication."
              },
              "brandFit": {
                "score": 5,
                "why": "Feels generic; weak brand lock.",
                "fix": "Lock line and visuals to distinctive assets and the brand‚Äôs functional truth."
              }
            },
            "hardFlags": [],
            "recommendations": [
              "Add: expected buyers/entries and total winners, or show ‚ÄúTotal winners‚Äù and cadence in communications.",
              "Keep claim one-screen; limit fields; good OCR; publish timelines.",
              "Publish ‚ÄúTotal winners‚Äù and name the cadence; add a bold moment line.",
              "Publish ‚ÄúTotal winners‚Äù and show cadence prominently."
            ],
            "asks": [
              "Provide expected buyers/entries (range)."
            ],
            "mode": "PRIZE",
            "diagnostics": {
              "valueAmount": 0,
              "aspAnchor": 100,
              "expectedBuyers": null,
              "totalWinners": 2010,
              "coverageRate": null,
              "cadenceSignals": false,
              "symbolicSignals": false,
              "headlineMax": 0,
              "banded": false,
              "overlay": false,
              "overlayExperiential": false,
              "overlayLabel": "",
              "researchBenchmarks": null,
              "cashbackVsMarket": "UNKNOWN",
              "heroVsMarket": "UNKNOWN"
            }
          },
          "research": {
            "brand": {
              "query": "The Wicked Sisters",
              "summary": "The Wicked Sisters is a Russian fairy tale collected by Alexander Afanasyev in Narodnye russkie skazki.",
              "facts": [
                {
                  "claim": "Wicked Sister x Wicked ‚Äî Purchase any two packs of Wicked Sister Products for your chance to instantly win a movie ticket!",
                  "source": "Source: wickedsisterwin.com.au (https://wickedsisterwin.com.au/)"
                },
                {
                  "claim": "FAQs - Wicked Sister x Wicked ‚Äî Buy any 2 packs of Wicked Sister products in one transaction from a Woolworths store during the Woolworths Exclusive promotion period. Then go ...",
                  "source": "Source: wickedsisterwin.com.au (https://wickedsisterwin.com.au/faq)"
                },
                {
                  "claim": "Wicked Sister: Home Page ‚Äî Enjoy wickedly delicious desserts designed for everyday indulgence by Wicked Sister. Explore our wicked range, try recipes and find stockists here.",
                  "source": "Source: wickedsister.com.au (https://www.wickedsister.com.au/)"
                }
              ]
            },
            "audience": {
              "notes": "Primary grocery buyers ‚Ä¢ They reward the family with purposeful treats that feel magical but still practical. ‚Ä¢ Plans movie nights, shares dessert finds on social, responds to retailer app notifications.",
              "facts": [
                {
                  "claim": "Wicked Sister goes 'For Good' with new Wicked-inspired ... ‚Äî Chilled dessert brand Wicked Sister has launched limited-edition dessert pots inspired by Wicked: For Good film set to premiere next month.",
                  "source": "Source: insidefmcg.com.au (https://insidefmcg.com.au/2025/10/13/wicked-sister-goes-for-good-with-new-wicked-inspired-desserts/)"
                },
                {
                  "claim": "Paul Polly from Wicked Sister | Determined to succeed ‚Äî This is the story of Paul Polly and Wicked Sister desserts. Learn how he went from one pot to a $12 million factory.",
                  "source": "Source: nab.com.au (https://www.nab.com.au/business/small-business/moments/business-progress/wickedsister)"
                },
                {
                  "claim": "Wicked Sister bulks up protein pudding pack size ‚Äî With 15 grams of protein per serving and available in chocolate, strawberry, banana, along with a new vanilla flavour, these join the wider 170 ...",
                  "source": "Source: foodanddrinkbusiness.com.au (https://www.foodanddrinkbusiness.com.au/new-in-store/wicked-sister-bulks-up-protein-pudding-pack-size)"
                }
              ]
            },
            "category": {
              "query": "Frozen dessert",
              "summary": "Frozen dessert is a dessert made by freezing liquids, semi-solids, and sometimes solids. They may be based on flavored water, on fruit pur√©es, on milk and cream, on custard, on mousse (semifreddo), and others. It is sometimes sold as ice-cream in South Asia and other countries.",
              "facts": [
                {
                  "claim": "Frozen dessert is a dessert made by freezing liquids, semi-solids, and sometimes solids. They may be based on flavored water, on fruit pur√©es, on milk and cream, on custard, on mousse (semifreddo), and others. It is sometimes sold as ice-cream in South Asia and other countries.",
                  "source": "Source: Wikipedia ‚Äî Frozen dessert (https://en.wikipedia.org/wiki/Frozen%20dessert)"
                },
                {
                  "claim": "Australia Ice Cream Market Share, Growth & Forecast 2030 ‚Äî The Australia Ice Cream Market is projected to witness a CAGR of 2.95% for the forecast period between 2023 and 2030.",
                  "source": "Source: marketsandata.com (https://www.marketsandata.com/industry-reports/australia-ice-cream-market)"
                },
                {
                  "claim": "Australia Ice Cream Market Share, Size, Growth Report ‚Äî The Australia ice cream market, valued at AUD 1407.35 million in 2024, is projected to grow at 1.51% CAGR, reaching AUD 1634.90 million by 2034.",
                  "source": "Source: expertmarketresearch.com.au (https://www.expertmarketresearch.com.au/reports/australia-ice-cream-market)"
                },
                {
                  "claim": "Frozen Desserts Market Size, Growth, Trends and Forecast ‚Äî Frozen Desserts Market is anticipated to expand from $112.9 billion in 2024 to $191.5 billion by 2034, growing at a CAGR of approximately 5.4%.",
                  "source": "Source: globalinsightservices.com (https://www.globalinsightservices.com/reports/frozen-desserts-market/)"
                },
                {
                  "claim": "Frozen Desserts ‚Äî Frozen Desserts ; $9.00. $2.40 / 100G. Sara Lee Chocolate Swirl Bavarian 375g. Promoted ; $7.20. $9.00 $2.00 / 100G. Sara Lee French Cream Cheesecake 360g. 4.5 / ...Read more",
                  "source": "Source: woolworths.com.au (https://www.woolworths.com.au/shop/browse/freezer/frozen-desserts?srsltid=AfmBOor978BnhC9QQ7V61ixEDkNXooZBKeO_izpimvDYa_XMaM_pK2PV)"
                },
                {
                  "claim": "Ice Cream Specials & Offers ‚Äî SAVE $1.90. $7.60. $9.50 $0.76 / 100ML. Sanitarium So Good Vanilla Bliss Frozen Dessert 1L. Add to cart. Save to list. 20% Off. SAVE $3.00. $12.00. $15.00 $2.53 ...Read more",
                  "source": "Source: woolworths.com.au (https://www.woolworths.com.au/shop/browse/freezer/ice-cream/ice-cream-specials?srsltid=AfmBOopklJhi7Q-ODSy445CW1x4bWiwbCJfR-Bf19Nz6h5iPuw5p1RoP)"
                }
              ]
            },
            "competitors": {
              "names": [
                "Rokeby Farms",
                "Priestley‚Äôs Gourmet Delights",
                "Jillian's Cakery",
                "Belle Fleur",
                "Beak & Johnston",
                "Carman's",
                "Pauls PLUS+",
                "Chobani",
                "Sara Lee",
                "Streets",
                "Ferrero Australia",
                "Gelatissimo"
              ],
              "facts": [
                {
                  "claim": "Brief competitor: Streets",
                  "source": "Source: brief"
                },
                {
                  "claim": "Rokeby Farms Chocolate Protein Smoothie 6 x 425ml ‚Äî Rokeby Farms Chocolate Protein Smoothie 6 x 425ml is a protein drink providing all 9 essential amino acids while providing sustained energy and fullness.",
                  "source": "Source: costco.com.au (https://www.costco.com.au/Business-Delivery/Beverages/Other-Drinks/Rokeby-Farms-Chocolate-Protein-Smoothie-6-x-425ml/p/163543_BD)"
                },
                {
                  "claim": "Rokeby Farms ‚Äî All Rokeby Farms products are now available with Subscribe & Save ¬∑ Enjoy 5% off on every recurring order!",
                  "source": "Source: bulkeatswarehouse.com.au (https://bulkeatswarehouse.com.au/collections/rokeby-farms?srsltid=AfmBOor6oarDx_IPDf159c9EL9eQwXX8n14gx1vpjMrGlr10qZ4zQgwm)"
                },
                {
                  "claim": "Rokeby Nutrition ‚Äî Rokeby is a nutrition food company based in Melbourne. We make a range of award-winning dairy products to enjoy as part of a healthy lifestyle.",
                  "source": "Source: rokebynutrition.com (https://rokebynutrition.com/)"
                },
                {
                  "claim": "ROKEBY FARM Archives ‚Äî ROKEBY FARM offers Bold Brew drinks in flavors like Double Shot, Iced Mocha, and Iced Latte, and Protein Smoothies in flavors like Banana Honey & Cinnamon, ...",
                  "source": "Source: coast2coastdistributors.com.au (https://coast2coastdistributors.com.au/product-category/alternate-flavoured-milks/rokeby-farm-alternate-flavoured-milks/)"
                },
                {
                  "claim": "Shop Rokeby Products Online ‚Äî Shop your way at Coles. Our range of Rokeby products at everyday low prices you know and trust. Shop online and get home delivery or ...",
                  "source": "Source: coles.com.au (https://www.coles.com.au/brands/rokeby-811816065?srsltid=AfmBOop9dnVgblMzb0AKajWg_OilDB9BIOzgQmQXynZr2Vt3zHlm3A-e)"
                },
                {
                  "claim": "Rokeby Farms Protein Smoothie - Dutch Chocolate ‚Äî $4.95. Rokeby Farms Whole Protein Smoothie! Loaded with real cocoa for natural chocolate goodness. Ingredients: Filtered low fat milk, cane sugar, cream, dutch ...",
                  "source": "Source: athletesnutrition.com.au (https://athletesnutrition.com.au/products/copy-of-rokeby-farms-protein-smoothie-banana-honey-cinnamon?srsltid=AfmBOopwuArEAMTQsdUswAhgf4qe8xQLZ0MEHrJwVeh5quVK1ZxLYReF)"
                },
                {
                  "claim": "üéâüéâ COMPETITION: To share some smoothie love we are ... ‚Äî COMPETITION: To share some smoothie love we are giving away one lucky Rokeby Farms fan a year's supply of our smoothies! To enter: 1. Like ...",
                  "source": "Source: instagram.com (https://www.instagram.com/p/CTTJ7b1PNIQ/)"
                },
                {
                  "claim": "Competition/Antitrust & Consumer ‚Äî acquisition of a 45% interest in the Made Group (owners of the Cocobella, Rokeby Farms, Impressed Juice and Nutrient Water brands), together with its bottler, ...",
                  "source": "Source: addisons.com (https://addisons.com/capabilities/competition-consumer-antitrust/)"
                },
                {
                  "claim": "Our brands ‚Äî Rokeby is a functional dairy brand offering a range of high quality products that deliver natural straight-up nutrition to smartly power active people through ...",
                  "source": "Source: madegroup.com (https://www.madegroup.com/our-brands)"
                },
                {
                  "claim": "About Rokeby ‚Äî Rokeby products are naturally high in protein, made from fresh locally sourced milk and trusted quality ingredients, to help you smartly power through your day.",
                  "source": "Source: rokebynutrition.com (https://rokebynutrition.com/pages/about-rokeby)"
                },
                {
                  "claim": "Rokeby Farms: Premium protein driving significant growth ‚Äî Rokeby Farms innovative Whole Protein Breakfast Smoothies are made with fresh, cold-filtered milk that contains twice the protein of regular milk and no added ...",
                  "source": "Source: c-store.com.au (https://www.c-store.com.au/rokeby-farms-premium-protein-driving-significant-growth/)"
                }
              ],
              "promos": [
                {
                  "brand": "ROKEBYNUTRITION",
                  "url": "https://rokebynutrition.com/",
                  "source": "Source: rokebynutrition.com (https://rokebynutrition.com/)",
                  "title": "Rokeby Nutrition",
                  "headline": "Rokeby is a nutrition food company based in Melbourne. We make a range of award-winning dairy products to enjoy as part of a healthy lifestyle.",
                  "type": "PRIZE",
                  "heroCount": null,
                  "totalWinners": null,
                  "cadence": null,
                  "prizeItems": [
                    "car",
                    "data",
                    "tv"
                  ],
                  "prizeValueHint": null,
                  "confidence": 0.6,
                  "viaRedemption": false,
                  "giftCard": null
                },
                {
                  "brand": "RMHHOMELOTTERY",
                  "url": "https://www.rmhhomelottery.com.au/pdfs/rmh-mel-2025-2-winners-FA.pdf",
                  "source": "Source: rmhhomelottery.com.au (https://www.rmhhomelottery.com.au/pdfs/rmh-mel-2025-2-winners-FA.pdf)",
                  "title": "Congratulations",
                  "headline": "Congratulations to our. $5.3M Grand Prize winner! Rowena of Swifts Creek (#10134243) has won this fully furnished home in Camberwell. Win big ...",
                  "type": "PRIZE",
                  "heroCount": null,
                  "totalWinners": null,
                  "cadence": null,
                  "prizeItems": [
                    "data",
                    "tv",
                    "car",
                    "cash",
                    "holiday"
                  ],
                  "prizeValueHint": "$39",
                  "confidence": 0.6,
                  "viaRedemption": false,
                  "giftCard": null
                },
                {
                  "brand": "ADDISONS",
                  "url": "https://addisons.com/capabilities/competition-consumer-antitrust/",
                  "source": "Source: addisons.com (https://addisons.com/capabilities/competition-consumer-antitrust/)",
                  "title": "Competition/Antitrust &amp; Consumer | Addisons | Sydney Law Firm",
                  "headline": "Competition/Antitrust &#038; Consumer",
                  "type": "PRIZE",
                  "heroCount": null,
                  "totalWinners": null,
                  "cadence": null,
                  "prizeItems": [
                    "car",
                    "data",
                    "plan"
                  ],
                  "prizeValueHint": "$534",
                  "confidence": 0.6,
                  "viaRedemption": false,
                  "giftCard": null
                },
                {
                  "brand": "DIAA",
                  "url": "https://diaa.asn.au/wp-content/uploads/2019_DIAA_Vic_Results.pdf",
                  "source": "Source: diaa.asn.au (https://diaa.asn.au/wp-content/uploads/2019_DIAA_Vic_Results.pdf)",
                  "title": "DIAA Victorian Dairy Product Competition",
                  "headline": "Rokeby Farms Whole Protein Smoothie. Chocolate. 17.00. Bulla Dairy Foods. Bulla ... Victorian Dairy Product Competitions visit: www.diaa.asn.au. Dairy Industry.",
                  "type": "PRIZE",
                  "heroCount": null,
                  "totalWinners": null,
                  "cadence": null,
                  "prizeItems": [
                    "data",
                    "tv",
                    "car"
                  ],
                  "prizeValueHint": "$06",
                  "confidence": 0.6,
                  "viaRedemption": false,
                  "giftCard": null
                },
                {
                  "brand": "FOODANDDRINKBUSINESS",
                  "url": "https://www.foodanddrinkbusiness.com.au/news/rethinking-the-white-drink",
                  "source": "Source: foodanddrinkbusiness.com.au (https://www.foodanddrinkbusiness.com.au/news/rethinking-the-white-drink)",
                  "title": "Rethinking the white drink - Food &amp; Drink Business",
                  "headline": "Rethinking the white drink",
                  "type": "PRIZE",
                  "heroCount": null,
                  "totalWinners": null,
                  "cadence": null,
                  "prizeItems": [
                    "data",
                    "car",
                    "plan",
                    "tv"
                  ],
                  "prizeValueHint": null,
                  "confidence": 0.6,
                  "viaRedemption": false,
                  "giftCard": null
                },
                {
                  "brand": "Rokeby Farms",
                  "url": "https://www.retailbiz.com.au/offline-retailing/rokeby-farms-premium-protein-driving-significant-growth/",
                  "source": "Source: retailbiz.com.au (https://www.retailbiz.com.au/offline-retailing/rokeby-farms-premium-protein-driving-significant-growth/)",
                  "title": "Rokeby Farms: Premium protein driving significant growth - retailbiz",
                  "headline": "Rokeby Farms sources fresh milk from a selection of farms located in Victoria, which is then delivered to its new manufacturing facility located ...",
                  "type": "PRIZE",
                  "heroCount": null,
                  "totalWinners": null,
                  "cadence": null,
                  "prizeItems": [
                    "car",
                    "data",
                    "plan",
                    "plans",
                    "tv"
                  ],
                  "prizeValueHint": "$10",
                  "confidence": 0.6,
                  "viaRedemption": false,
                  "giftCard": null
                },
                {
                  "brand": "WHATSINSEASON",
                  "url": "https://www.whatsinseason.com.au/blog/turn-fries-into-cash-win-200k/",
                  "source": "Source: whatsinseason.com.au (https://www.whatsinseason.com.au/blog/turn-fries-into-cash-win-200k/)",
                  "title": "Turn Fries into Cash - Win $200K - Welcome - InSeason",
                  "headline": "Turn Fries into Cash &#8211; Win $200K",
                  "type": "PRIZE",
                  "heroCount": null,
                  "totalWinners": null,
                  "cadence": "weekly",
                  "prizeItems": [
                    "data",
                    "cash",
                    "car",
                    "tv"
                  ],
                  "prizeValueHint": "$200",
                  "confidence": 0.6,
                  "viaRedemption": false,
                  "giftCard": null
                },
                {
                  "brand": "PRIESTLEYS-GOURMET",
                  "url": "https://www.priestleys-gourmet.com.au/",
                  "source": "Source: priestleys-gourmet.com.au (https://www.priestleys-gourmet.com.au/)",
                  "title": "Wholesale Cakes, Desserts &amp; Baked Goods for Cafes &amp; Businesses | Priestley&#039;s Gourmet Delights",
                  "headline": "Homepage #New",
                  "type": "PRIZE",
                  "heroCount": null,
                  "totalWinners": null,
                  "cadence": null,
                  "prizeItems": [
                    "data",
                    "car",
                    "tv",
                    "trip"
                  ],
                  "prizeValueHint": null,
                  "confidence": 0.6,
                  "viaRedemption": false,
                  "giftCard": null
                },
                {
                  "brand": "GOURMET-DELIGHTS",
                  "url": "https://gourmet-delights.com.au/",
                  "source": "Source: gourmet-delights.com.au (https://gourmet-delights.com.au/)",
                  "title": "Gourmet Delights &#8211; A Little Bite of Heaven.",
                  "headline": "Your perfect partner for me time moments.",
                  "type": "PRIZE",
                  "heroCount": null,
                  "totalWinners": null,
                  "cadence": null,
                  "prizeItems": [
                    "data",
                    "car"
                  ],
                  "prizeValueHint": null,
                  "confidence": 0.6,
                  "viaRedemption": false,
                  "giftCard": null
                },
                {
                  "brand": "PRIESTLEYS-GOURMET",
                  "url": "https://www.priestleys-gourmet.com.au/blog",
                  "source": "Source: priestleys-gourmet.com.au (https://www.priestleys-gourmet.com.au/blog)",
                  "title": "Priestley&#039;s Blog | Priestley&#039;s Gourmet Delights",
                  "headline": "Priestley&#8217;s Blog",
                  "type": "PRIZE",
                  "heroCount": null,
                  "totalWinners": null,
                  "cadence": null,
                  "prizeItems": [
                    "data",
                    "car",
                    "tv",
                    "holiday",
                    "trip"
                  ],
                  "prizeValueHint": null,
                  "confidence": 0.6,
                  "viaRedemption": false,
                  "giftCard": null
                },
                {
                  "brand": "PRIESTLEYS-GOURMET",
                  "url": "https://www.priestleys-gourmet.com.au/insight/podcasts",
                  "source": "Source: priestleys-gourmet.com.au (https://www.priestleys-gourmet.com.au/insight/podcasts)",
                  "title": "Podcasts | Priestley&#039;s Gourmet Delights",
                  "headline": "Podcasts",
                  "type": "PRIZE",
                  "heroCount": null,
                  "totalWinners": null,
                  "cadence": null,
                  "prizeItems": [
                    "data",
                    "car",
                    "tv",
                    "trip"
                  ],
                  "prizeValueHint": null,
                  "confidence": 0.6,
                  "viaRedemption": false,
                  "giftCard": null
                },
                {
                  "brand": "COURIERMAIL",
                  "url": "https://www.couriermail.com.au/news/national/back-australia/how-priestleys-gourmet-delights-thrives-with-automation-while-supporting-more-australian-jobs/news-story/9b8e562ce4d2b5c64e80fb04cd3c62b2",
                  "source": "Source: couriermail.com.au (https://www.couriermail.com.au/news/national/back-australia/how-priestleys-gourmet-delights-thrives-with-automation-while-supporting-more-australian-jobs/news-story/9b8e562ce4d2b5c64e80fb04cd3c62b2)",
                  "title": "No Cookies | The Courier Mail",
                  "headline": "No Cookies",
                  "type": "PRIZE",
                  "heroCount": null,
                  "totalWinners": null,
                  "cadence": null,
                  "prizeItems": [
                    "car",
                    "data",
                    "plan",
                    "tv"
                  ],
                  "prizeValueHint": null,
                  "confidence": 0.6,
                  "viaRedemption": false,
                  "giftCard": null
                },
                {
                  "brand": "Jillian's Cakery",
                  "url": "https://www.easyweddings.com.au/WeddingCakes/Sydney/JilliansCakery/",
                  "source": "Source: easyweddings.com.au (https://www.easyweddings.com.au/WeddingCakes/Sydney/JilliansCakery/)",
                  "title": "Jillian&#39;s Cakery - Wedding Cakes Surry Hills | Easy Weddings",
                  "headline": "Jillian&#39;s Cakery",
                  "type": "PRIZE",
                  "heroCount": null,
                  "totalWinners": null,
                  "cadence": null,
                  "prizeItems": [
                    "data",
                    "tv",
                    "car",
                    "plan",
                    "cash"
                  ],
                  "prizeValueHint": null,
                  "confidence": 0.6,
                  "viaRedemption": false,
                  "giftCard": null
                },
                {
                  "brand": "Jillian's Cakery",
                  "url": "https://www.sydneycakery.com.au/product/jillians-cakery-online-gift-card-redeemable-online-only/",
                  "source": "Source: sydneycakery.com.au (https://www.sydneycakery.com.au/product/jillians-cakery-online-gift-card-redeemable-online-only/)",
                  "title": "Jillian&#039;s Cakery Online Gift Card (redeemable online only) &#183; Sydney Cakery",
                  "headline": "Jillian&#8217;s Cakery Online Gift Card (redeemable online only)",
                  "type": "PRIZE",
                  "heroCount": null,
                  "totalWinners": null,
                  "cadence": null,
                  "prizeItems": [
                    "gift card",
                    "car",
                    "data",
                    "tv",
                    "trip",
                    "plan",
                    "cash",
                    "giftcard"
                  ],
                  "prizeValueHint": "$10",
                  "confidence": 0.6,
                  "viaRedemption": false,
                  "giftCard": null
                },
                {
                  "brand": "THATGIRLFROMSYDNEY",
                  "url": "https://thatgirlfromsydney.com/2020/02/27/who-is-jillian-and-what-does-she-do/",
                  "source": "Source: thatgirlfromsydney.com (https://thatgirlfromsydney.com/2020/02/27/who-is-jillian-and-what-does-she-do/)",
                  "title": "Who Is Jillian And What Does She Do? &#8211; That Girl from Sydney",
                  "headline": "Who Is Jillian And What Does She&nbsp;Do?",
                  "type": "PRIZE",
                  "heroCount": null,
                  "totalWinners": null,
                  "cadence": null,
                  "prizeItems": [
                    "car",
                    "data",
                    "plan",
                    "tv"
                  ],
                  "prizeValueHint": null,
                  "confidence": 0.6,
                  "viaRedemption": false,
                  "giftCard": null
                },
                {
                  "brand": "Jillian's Cakery",
                  "url": "https://www.theurbanlist.com/sydney/directory/jillian-s-cakery",
                  "source": "Source: theurbanlist.com (https://www.theurbanlist.com/sydney/directory/jillian-s-cakery)",
                  "title": "Jillian's Cakery | URBAN LIST SYDNEY",
                  "headline": "Jillian‚Äôs Cakery",
                  "type": "PRIZE",
                  "heroCount": null,
                  "totalWinners": null,
                  "cadence": null,
                  "prizeItems": [
                    "tv",
                    "data",
                    "car"
                  ],
                  "prizeValueHint": null,
                  "confidence": 0.6,
                  "viaRedemption": false,
                  "giftCard": null
                },
                {
                  "brand": "YOUTUBE",
                  "url": "https://www.youtube.com/c/jillianbutler",
                  "source": "Source: youtube.com (https://www.youtube.com/c/jillianbutler)",
                  "title": "Jillian Butler - YouTube",
                  "headline": "I started a successful cake shop in Sydney called Jillian's Cakery that I ran for 7 years and there were lots of lessons that I learned along the way. Now ...",
                  "type": "PRIZE",
                  "heroCount": null,
                  "totalWinners": null,
                  "cadence": null,
                  "prizeItems": [
                    "data",
                    "tv",
                    "car"
                  ],
                  "prizeValueHint": null,
                  "confidence": 0.6,
                  "viaRedemption": false,
                  "giftCard": null
                },
                {
                  "brand": "Belle Fleur",
                  "url": "https://bellefleur.com.au/",
                  "source": "Source: bellefleur.com.au (https://bellefleur.com.au/)",
                  "title": "Homepage | Belle Fleur Fine Chocolates | Chocolate Sydney",
                  "headline": "Handmade chocolates that taste sensational. Choose from over 45 traditional and contemporary flavours in-store.Jump to",
                  "type": "PRIZE",
                  "heroCount": null,
                  "totalWinners": null,
                  "cadence": null,
                  "prizeItems": [
                    "car",
                    "data",
                    "tv",
                    "trip",
                    "gift card"
                  ],
                  "prizeValueHint": null,
                  "confidence": 0.6,
                  "viaRedemption": false,
                  "giftCard": null
                },
                {
                  "brand": "ADAIRS",
                  "url": "https://www.adairs.com.au/terms-conditions/competitions/?srsltid=AfmBOoqdmhyAkjp-0mo6YgOOktDktJHmHAKnYF3zeB9uw5Neg7BZ2F6C",
                  "source": "Source: adairs.com.au (https://www.adairs.com.au/terms-conditions/competitions/?srsltid=AfmBOoqdmhyAkjp-0mo6YgOOktDktJHmHAKnYF3zeB9uw5Neg7BZ2F6C)",
                  "title": "Past Competitions | Adairs",
                  "headline": "The 'Draw 3' winner is Edith Pullen. The 'Draw 4' winner is Vibeke Foss. The 'Adairs Kids Fur Cushions & Throw Competition' commenced at 12:00am AEST on the 14 ...Jump to",
                  "type": "PRIZE",
                  "heroCount": 3,
                  "totalWinners": null,
                  "cadence": null,
                  "prizeItems": [
                    "data",
                    "car",
                    "trip",
                    "plan",
                    "washer",
                    "gift card",
                    "tv",
                    "voucher",
                    "cash"
                  ],
                  "prizeValueHint": "$30",
                  "confidence": 0.6,
                  "viaRedemption": false,
                  "giftCard": null
                },
                {
                  "brand": "RMHHOMELOTTERY",
                  "url": "https://www.rmhhomelottery.com.au/on/demandware.static/Sites-RML_MEL-Site/Sites-RML_MEL-Library/-/pdfs/rmh-mel-2025-1-winners-FA-2.pdf",
                  "source": "Source: rmhhomelottery.com.au (https://www.rmhhomelottery.com.au/on/demandware.static/Sites-RML_MEL-Site/Sites-RML_MEL-Library/-/pdfs/rmh-mel-2025-1-winners-FA-2.pdf)",
                  "title": "Congratulations",
                  "headline": "Congratulations to our Early Bird winner! Jeffrey from Bulleen (#008153) has won the half a million Early Bird Prize! EARLY BIRD PRIZE.Jump to",
                  "type": "PRIZE",
                  "heroCount": null,
                  "totalWinners": null,
                  "cadence": null,
                  "prizeItems": [
                    "data",
                    "tv",
                    "cash",
                    "holiday",
                    "car",
                    "plan"
                  ],
                  "prizeValueHint": "$39",
                  "confidence": 0.6,
                  "viaRedemption": false,
                  "giftCard": null
                },
                {
                  "brand": "ROCKYSHOW",
                  "url": "https://www.rockyshow.com.au/Competitions/Animals-Competitions/Horse-Competition-Program",
                  "source": "Source: rockyshow.com.au (https://www.rockyshow.com.au/Competitions/Animals-Competitions/Horse-Competition-Program)",
                  "title": "Horse Competition Program Rockhampton Show",
                  "headline": "Horse Competition Program",
                  "type": "PRIZE",
                  "heroCount": null,
                  "totalWinners": null,
                  "cadence": null,
                  "prizeItems": [
                    "car",
                    "tv",
                    "data",
                    "plan"
                  ],
                  "prizeValueHint": null,
                  "confidence": 0.6,
                  "viaRedemption": false,
                  "giftCard": null
                },
                {
                  "brand": "BELLEFLEUR",
                  "url": "https://bellefleur.com.au/occasions/",
                  "source": "Source: bellefleur.com.au (https://bellefleur.com.au/occasions/)",
                  "title": "Special Occasions &amp; Events | Belle Fleur Fine Chocolates",
                  "headline": "Occasions",
                  "type": "PRIZE",
                  "heroCount": null,
                  "totalWinners": null,
                  "cadence": null,
                  "prizeItems": [
                    "car",
                    "data",
                    "tv",
                    "trip",
                    "gift card"
                  ],
                  "prizeValueHint": null,
                  "confidence": 0.6,
                  "viaRedemption": false,
                  "giftCard": null
                },
                {
                  "brand": "MARKETINGBEE",
                  "url": "https://marketingbee.com.au/sharon-latour-returns-as-a-judge-for-the-2025-australian-web-awards/",
                  "source": "Source: marketingbee.com.au (https://marketingbee.com.au/sharon-latour-returns-as-a-judge-for-the-2025-australian-web-awards/)",
                  "title": "Sharon Latour Returns as a Judge for the 2025 Australian Web Awards - Marketing Bee",
                  "headline": "Sharon Latour Returns as a Judge for the 2025 Australian Web Awards",
                  "type": "PRIZE",
                  "heroCount": null,
                  "totalWinners": null,
                  "cadence": null,
                  "prizeItems": [
                    "car",
                    "data",
                    "tv"
                  ],
                  "prizeValueHint": null,
                  "confidence": 0.6,
                  "viaRedemption": false,
                  "giftCard": null
                },
                {
                  "brand": "Beak & Johnston",
                  "url": "https://www.beakandjohnston.com.au/",
                  "source": "Source: beakandjohnston.com.au (https://www.beakandjohnston.com.au/)",
                  "title": "Home - Quality Food Manufacturer | Beak &amp; Johnston",
                  "headline": "Beak & Johnston is a proudly Australian, privately owned fresh food business with over 39 years of experience delivering innovative, value-added meal solutions.",
                  "type": "PRIZE",
                  "heroCount": null,
                  "totalWinners": null,
                  "cadence": null,
                  "prizeItems": [
                    "car",
                    "data",
                    "plan"
                  ],
                  "prizeValueHint": null,
                  "confidence": 0.6,
                  "viaRedemption": false,
                  "giftCard": null
                },
                {
                  "brand": "BEAKANDJOHNSTON",
                  "url": "https://www.beakandjohnston.com.au/about-us/",
                  "source": "Source: beakandjohnston.com.au (https://www.beakandjohnston.com.au/about-us/)",
                  "title": "About Us - Quality Food Manufacturer | Beak &amp; Johnston",
                  "headline": "Beak & Johnston was founded in 1986 by David Beak, bringing together four generations of global meat industry knowledge.",
                  "type": "PRIZE",
                  "heroCount": null,
                  "totalWinners": null,
                  "cadence": null,
                  "prizeItems": [
                    "car",
                    "data",
                    "plan"
                  ],
                  "prizeValueHint": "$15",
                  "confidence": 0.6,
                  "viaRedemption": false,
                  "giftCard": null
                },
                {
                  "brand": "BAKINGBUSINESS",
                  "url": "https://bakingbusiness.com.au/wp-content/uploads/2019/10/2019-fine-food-catalogue-web.pdf",
                  "source": "Source: bakingbusiness.com.au (https://bakingbusiness.com.au/wp-content/uploads/2019/10/2019-fine-food-catalogue-web.pdf)",
                  "title": "Sydney Royal Fine Food Show - Baking Business",
                  "headline": "It draws from Sydney Royal Champions throughout the year, examines, and celebrates truly inspirational, innovative agricultural food and beverage achievers.",
                  "type": "PRIZE",
                  "heroCount": null,
                  "totalWinners": null,
                  "cadence": null,
                  "prizeItems": [
                    "data",
                    "tv",
                    "car"
                  ],
                  "prizeValueHint": "$224",
                  "confidence": 0.6,
                  "viaRedemption": false,
                  "giftCard": null
                },
                {
                  "brand": "ISSUU",
                  "url": "https://issuu.com/theintermediagroup/docs/c_i_retailing_magazine_august-september_2025",
                  "source": "Source: issuu.com (https://issuu.com/theintermediagroup/docs/c_i_retailing_magazine_august-september_2025)",
                  "title": "C&amp;amp;I Retailing Magazine August-September 2025 by The Intermedia Group - Issuu",
                  "headline": "C&amp;I Retailing Magazine August-September 2025",
                  "type": "PRIZE",
                  "heroCount": null,
                  "totalWinners": null,
                  "cadence": null,
                  "prizeItems": [
                    "car",
                    "data",
                    "tv",
                    "plans",
                    "plan"
                  ],
                  "prizeValueHint": "$29",
                  "confidence": 0.6,
                  "viaRedemption": false,
                  "giftCard": null
                },
                {
                  "brand": "Beak & Johnston",
                  "url": "https://www.accc.gov.au/media-release/woolworths%E2%80%99-proposed-acquisition-of-beak-johnston-not-opposed",
                  "source": "Source: accc.gov.au (https://www.accc.gov.au/media-release/woolworths%E2%80%99-proposed-acquisition-of-beak-johnston-not-opposed)",
                  "title": "Woolworths‚Äô proposed acquisition of Beak &amp; Johnston not opposed | ACCC",
                  "headline": "The ACCC will not oppose Woolworths Group Limited's (ASX:WOW) proposed acquisition of Beak & Johnston Holdings Pty Ltd (B&J).",
                  "type": "PRIZE",
                  "heroCount": null,
                  "totalWinners": null,
                  "cadence": null,
                  "prizeItems": [
                    "data",
                    "car"
                  ],
                  "prizeValueHint": null,
                  "confidence": 0.6,
                  "viaRedemption": false,
                  "giftCard": null
                },
                {
                  "brand": "Beak & Johnston",
                  "url": "https://www.just-food.com/news/woolworths-beak-johnston-deal-approved/",
                  "source": "Source: just-food.com (https://www.just-food.com/news/woolworths-beak-johnston-deal-approved/)",
                  "title": "ACCC waves through Woolworths‚Äô Beak &amp; Johnston deal",
                  "headline": "Australia regulator waves through Woolworths‚Äô Beak &#038; Johnston deal",
                  "type": "PRIZE",
                  "heroCount": null,
                  "totalWinners": null,
                  "cadence": null,
                  "prizeItems": [
                    "data",
                    "car",
                    "plan",
                    "tv"
                  ],
                  "prizeValueHint": null,
                  "confidence": 0.6,
                  "viaRedemption": false,
                  "giftCard": null
                },
                {
                  "brand": "Beak & Johnston",
                  "url": "https://morganenglishlawyers.com.au/morgan-english-advises-beak-johnston-group-on-strategic-sale-to-woolworths/",
                  "source": "Source: morganenglishlawyers.com.au (https://morganenglishlawyers.com.au/morgan-english-advises-beak-johnston-group-on-strategic-sale-to-woolworths/)",
                  "title": "Morgan + English Advises Beak &amp; Johnston Group on Strategic Sale to Woolworths | Morgan English Lawyers",
                  "headline": "Morgan + English Advises Beak &#038; Johnston Group on Strategic Sale to Woolworths",
                  "type": "PRIZE",
                  "heroCount": null,
                  "totalWinners": null,
                  "cadence": null,
                  "prizeItems": [
                    "data",
                    "car",
                    "cash",
                    "trip",
                    "plan",
                    "tv"
                  ],
                  "prizeValueHint": null,
                  "confidence": 0.6,
                  "viaRedemption": false,
                  "giftCard": null
                },
                {
                  "brand": "Beak & Johnston",
                  "url": "https://www.comcom.govt.nz/news-and-media/news-and-events/2025/woolworths-seeks-clearance-to-acquire-beak-and-johnston/",
                  "source": "Source: comcom.govt.nz (https://www.comcom.govt.nz/news-and-media/news-and-events/2025/woolworths-seeks-clearance-to-acquire-beak-and-johnston/)",
                  "title": "Woolworths seeks clearance to acquire Beak &amp; Johnston | Commerce Commission",
                  "headline": "We will give clearance to a proposed merger if we are satisfied that the merger is unlikely to have the effect of substantially lessening ...",
                  "type": "PRIZE",
                  "heroCount": null,
                  "totalWinners": null,
                  "cadence": null,
                  "prizeItems": [
                    "trip",
                    "car",
                    "data",
                    "plan"
                  ],
                  "prizeValueHint": null,
                  "confidence": 0.6,
                  "viaRedemption": false,
                  "giftCard": null
                },
                {
                  "brand": "Beak & Johnston",
                  "url": "https://insideretail.com.au/news/woolworths-seeks-clearance-to-buy-beak-johnston-202501",
                  "source": "Source: insideretail.com.au (https://insideretail.com.au/news/woolworths-seeks-clearance-to-buy-beak-johnston-202501)",
                  "title": "Woolworths seeks clearance to buy Beak &amp; Johnston - Inside Retail Australia",
                  "headline": "Woolworths seeks clearance to buy Beak &amp; Johnston",
                  "type": "PRIZE",
                  "heroCount": null,
                  "totalWinners": null,
                  "cadence": null,
                  "prizeItems": [
                    "data",
                    "car",
                    "trip"
                  ],
                  "prizeValueHint": "$110",
                  "confidence": 0.6,
                  "viaRedemption": false,
                  "giftCard": null
                },
                {
                  "brand": "Carman's",
                  "url": "https://carmanskitchen.com.au/carmans-quarterly-care-package-giveaway-2025/",
                  "source": "Source: carmanskitchen.com.au (https://carmanskitchen.com.au/carmans-quarterly-care-package-giveaway-2025/)",
                  "title": "Carman‚Äôs Quarterly Care Package Giveaway Terms &amp; Conditions 2025 | Carman's Kitchen",
                  "headline": "Carman‚Äôs Quarterly Care Package Giveaway Terms &#038; Conditions 2025",
                  "type": "PRIZE",
                  "heroCount": null,
                  "totalWinners": null,
                  "cadence": null,
                  "prizeItems": [
                    "data",
                    "car",
                    "plan",
                    "cash",
                    "tv"
                  ],
                  "prizeValueHint": "$100",
                  "confidence": 0.6,
                  "viaRedemption": false,
                  "giftCard": null
                },
                {
                  "brand": "Carman's",
                  "url": "https://carmanskitchen.com.au/fun-run-giveaway-terms-conditions/",
                  "source": "Source: carmanskitchen.com.au (https://carmanskitchen.com.au/fun-run-giveaway-terms-conditions/)",
                  "title": "Carman‚Äôs Fun Run Giveaway Terms &amp; Conditions | Carman's Kitchen",
                  "headline": "Carman&#8217;s Fun Run Giveaway Terms &#038; Conditions",
                  "type": "PRIZE",
                  "heroCount": 1,
                  "totalWinners": null,
                  "cadence": "instant",
                  "prizeItems": [
                    "data",
                    "car",
                    "plan",
                    "voucher",
                    "cash",
                    "tv"
                  ],
                  "prizeValueHint": "$200",
                  "confidence": 0.6,
                  "viaRedemption": false,
                  "giftCard": null
                },
                {
                  "brand": "CARMANSKITCHEN",
                  "url": "https://carmanskitchen.com.au/porridge-competition-terms-conditions/",
                  "source": "Source: carmanskitchen.com.au (https://carmanskitchen.com.au/porridge-competition-terms-conditions/)",
                  "title": "Porridge Competition Terms &amp; Conditions | Carman's Kitchen",
                  "headline": "Porridge Competition Terms &#038; Conditions",
                  "type": "PRIZE",
                  "heroCount": null,
                  "totalWinners": null,
                  "cadence": null,
                  "prizeItems": [
                    "data",
                    "car",
                    "plan",
                    "cash",
                    "tv"
                  ],
                  "prizeValueHint": "$250",
                  "confidence": 0.6,
                  "viaRedemption": false,
                  "giftCard": null
                },
                {
                  "brand": "CARMANSKITCHEN",
                  "url": "https://carmanskitchen.com.au/win-a-trip-to-byron-terms-and-conditions/",
                  "source": "Source: carmanskitchen.com.au (https://carmanskitchen.com.au/win-a-trip-to-byron-terms-and-conditions/)",
                  "title": "Win a Trip to Byron Terms and Conditions | Carman's Kitchen",
                  "headline": "Win a Trip to Byron Terms and Conditions",
                  "type": "PRIZE",
                  "heroCount": null,
                  "totalWinners": null,
                  "cadence": "instant",
                  "prizeItems": [
                    "data",
                    "car",
                    "trip",
                    "plan",
                    "holiday",
                    "voucher",
                    "cash",
                    "tv"
                  ],
                  "prizeValueHint": "$11,805",
                  "confidence": 0.6,
                  "viaRedemption": false,
                  "giftCard": null
                },
                {
                  "brand": "Carman's",
                  "url": "https://solemotive.com/pages/carmans-fun-run-syd-10k?srsltid=AfmBOooHB3xkXtaoGZ9mG-_L0--9mW5jbbRWm1pnggI7e99sIs6BVcnZ",
                  "source": "Source: solemotive.com (https://solemotive.com/pages/carmans-fun-run-syd-10k?srsltid=AfmBOooHB3xkXtaoGZ9mG-_L0--9mW5jbbRWm1pnggI7e99sIs6BVcnZ)",
                  "title": "Carman&#39;s Fun Run Sydney 2025 - 10K | Sole Motive",
                  "headline": "The Carman's Fun Run Sydney 2025 is on 21 September at Metcalfe Park, Pyrmont, with a 9:00am start. The course is a flat 2 lap with Sydney views.",
                  "type": "PRIZE",
                  "heroCount": null,
                  "totalWinners": null,
                  "cadence": null,
                  "prizeItems": [
                    "data",
                    "car",
                    "trip",
                    "tv",
                    "cash"
                  ],
                  "prizeValueHint": "$80",
                  "confidence": 0.6,
                  "viaRedemption": false,
                  "giftCard": null
                },
                {
                  "brand": "Carman's",
                  "url": "https://solemotive.com/pages/carmans-fun-run-syd-home?srsltid=AfmBOorQvL6V5sSGXodJyYnpq2M5S1edAD0ntuyCApEKW69H8iURTuCJ",
                  "source": "Source: solemotive.com (https://solemotive.com/pages/carmans-fun-run-syd-home?srsltid=AfmBOorQvL6V5sSGXodJyYnpq2M5S1edAD0ntuyCApEKW69H8iURTuCJ)",
                  "title": "Carman&#39;s Fun Run Sydney 2025 | Sole Motive",
                  "headline": "BCNA MERCHANDISE STAND &amp; MINI-FIELD OF WOMEN",
                  "type": "PRIZE",
                  "heroCount": null,
                  "totalWinners": null,
                  "cadence": null,
                  "prizeItems": [
                    "data",
                    "car",
                    "trip",
                    "tv",
                    "cash",
                    "plan"
                  ],
                  "prizeValueHint": "$60",
                  "confidence": 0.6,
                  "viaRedemption": false,
                  "giftCard": null
                },
                {
                  "brand": "Carman's",
                  "url": "https://solemotive.com/pages/carmans-fun-run-mel-home?srsltid=AfmBOorSgV-UdaNVOUP8CKAqEEIrYHFLflLVAtbLwxYAcUtICnE2zL_9",
                  "source": "Source: solemotive.com (https://solemotive.com/pages/carmans-fun-run-mel-home?srsltid=AfmBOorSgV-UdaNVOUP8CKAqEEIrYHFLflLVAtbLwxYAcUtICnE2zL_9)",
                  "title": "Carman&#39;s Fun Run Melbourne 2026 | Sole Motive",
                  "headline": "BCNA MERCHANDISE STAND",
                  "type": "PRIZE",
                  "heroCount": null,
                  "totalWinners": null,
                  "cadence": null,
                  "prizeItems": [
                    "data",
                    "car",
                    "trip",
                    "tv",
                    "cash",
                    "plan"
                  ],
                  "prizeValueHint": "$60",
                  "confidence": 0.6,
                  "viaRedemption": false,
                  "giftCard": null
                },
                {
                  "brand": "Carman's",
                  "url": "https://www.bcna.org.au/event-directory/major-events/carman-s-fun-run-2025-sydney/",
                  "source": "Source: bcna.org.au (https://www.bcna.org.au/event-directory/major-events/carman-s-fun-run-2025-sydney/)",
                  "title": "Carman&#x2019;s Fun Run 2025 - Sydney",
                  "headline": "Run, jog or walk 21.1K, 10K, or 5K and make your run count by raising funds to help Australians affected by breast cancer. Secure your spot now and help us turn ...",
                  "type": "PRIZE",
                  "heroCount": null,
                  "totalWinners": null,
                  "cadence": null,
                  "prizeItems": [
                    "data",
                    "car",
                    "tv"
                  ],
                  "prizeValueHint": "$30",
                  "confidence": 0.6,
                  "viaRedemption": false,
                  "giftCard": null
                },
                {
                  "brand": "Carman's",
                  "url": "https://www.bcna.org.au/event-directory/major-events/carman-s-fun-run-2025-melbourne/",
                  "source": "Source: bcna.org.au (https://www.bcna.org.au/event-directory/major-events/carman-s-fun-run-2025-melbourne/)",
                  "title": "Carman&#x2019;s Fun Run 2025 - Melbourne",
                  "headline": "Carman's Fun Run 2025 is on Feb 16 at Elsternwick Park, Brighton, with half-marathon, 10km, 5km run and 5km walk options. It starts at 5:45 am and ends at 1:00 ...",
                  "type": "PRIZE",
                  "heroCount": null,
                  "totalWinners": null,
                  "cadence": null,
                  "prizeItems": [
                    "data",
                    "car",
                    "tv"
                  ],
                  "prizeValueHint": "$30",
                  "confidence": 0.6,
                  "viaRedemption": false,
                  "giftCard": null
                },
                {
                  "brand": "PAULSPROMO",
                  "url": "https://www.paulspromo.com.au/",
                  "source": "Source: paulspromo.com.au (https://www.paulspromo.com.au/)",
                  "title": "Paul&#039;s Kids Yoghurt Minions Promotion",
                  "headline": "Open to AU res 18+. Starts: 17/3/25:12AM AEDT. Ends: 30/5/25:11.59PM AEST. Max 1 entry per transaction. Retain receipts. Draw: 51A/23 Norton St, Leichhardt, NSW ...",
                  "type": "PRIZE",
                  "heroCount": null,
                  "totalWinners": null,
                  "cadence": null,
                  "prizeItems": [
                    "data",
                    "tv",
                    "trip"
                  ],
                  "prizeValueHint": "$17,225",
                  "confidence": 0.6,
                  "viaRedemption": false,
                  "giftCard": null
                },
                {
                  "brand": "REDDYEXPRESS",
                  "url": "https://www.reddyexpress.com.au/terms-and-conditions/peel-N-win",
                  "source": "Source: reddyexpress.com.au (https://www.reddyexpress.com.au/terms-and-conditions/peel-N-win)",
                  "title": "Reddy, Set, Peel &amp; Win - T&amp;Cs | Reddy Express",
                  "headline": "All prize claims and entries into the unclaimed prize draw must be made by Entrants by no later than 11.59pm (Sydney time) on 30 September 2025. 5.",
                  "type": "PRIZE",
                  "heroCount": null,
                  "totalWinners": null,
                  "cadence": "instant",
                  "prizeItems": [
                    "data",
                    "car",
                    "gift card",
                    "plans",
                    "holiday",
                    "voucher",
                    "cash",
                    "trip",
                    "giftcard",
                    "plan"
                  ],
                  "prizeValueHint": "$10",
                  "confidence": 0.6,
                  "viaRedemption": false,
                  "giftCard": null
                },
                {
                  "brand": "PAULS",
                  "url": "https://www.pauls.com.au/",
                  "source": "Source: pauls.com.au (https://www.pauls.com.au/)",
                  "title": "Pauls Dairy",
                  "headline": "We're pretty passionate about making great tasting products packed with real dairy goodness. We put that devotion into every Pauls milk, cream, custard, yoghurt ...",
                  "type": "PRIZE",
                  "heroCount": null,
                  "totalWinners": null,
                  "cadence": null,
                  "prizeItems": [
                    "data",
                    "car",
                    "tv"
                  ],
                  "prizeValueHint": null,
                  "confidence": 0.6,
                  "viaRedemption": false,
                  "giftCard": null
                },
                {
                  "brand": "SCHOOLFUNDRAISING",
                  "url": "https://www.schoolfundraising.com.au/",
                  "source": "Source: schoolfundraising.com.au (https://www.schoolfundraising.com.au/)",
                  "title": "School Fundraising | Empowering Schools Through Colour Runs",
                  "headline": "We're Australia's ultimate school fundraising partner ... When parents use it to create a profile, they go into the draw to win a $500 prize credit.",
                  "type": "PRIZE",
                  "heroCount": 500,
                  "totalWinners": null,
                  "cadence": null,
                  "prizeItems": [
                    "car",
                    "data",
                    "tv",
                    "trip",
                    "plan",
                    "cash"
                  ],
                  "prizeValueHint": "$500",
                  "confidence": 0.6,
                  "viaRedemption": false,
                  "giftCard": null
                },
                {
                  "brand": "Chobani",
                  "url": "https://www.chobani.com.au/chobani-fit-competition-terms-and-conditions/",
                  "source": "Source: chobani.com.au (https://www.chobani.com.au/chobani-fit-competition-terms-and-conditions/)",
                  "title": "Chobani Fit Competition - Terms and Conditions - Chobani Australia",
                  "headline": "Chobani Fit Competition &#8211; Terms and Conditions",
                  "type": "PRIZE",
                  "heroCount": null,
                  "totalWinners": null,
                  "cadence": null,
                  "prizeItems": [
                    "car",
                    "data",
                    "cash"
                  ],
                  "prizeValueHint": "$399",
                  "confidence": 0.6,
                  "viaRedemption": false,
                  "giftCard": null
                },
                {
                  "brand": "Chobani",
                  "url": "https://www.ozbargain.com.au/node/926882",
                  "source": "Source: ozbargain.com.au (https://www.ozbargain.com.au/node/926882)",
                  "title": "Win a KitchenAid Pure Power Blender + Chobani No Sugar Added Prize Pack from KitchenAid - OzBargain Competitions",
                  "headline": "Win a KitchenAid Pure Power Blender + Chobani No Sugar Added Prize Pack from KitchenAid",
                  "type": "PRIZE",
                  "heroCount": null,
                  "totalWinners": null,
                  "cadence": null,
                  "prizeItems": [
                    "car",
                    "tv",
                    "data",
                    "voucher",
                    "gift card",
                    "cash"
                  ],
                  "prizeValueHint": "$274",
                  "confidence": 0.6,
                  "viaRedemption": false,
                  "giftCard": null
                },
                {
                  "brand": "Chobani",
                  "url": "https://www.ozbargain.com.au/competition/chobani.com.au",
                  "source": "Source: ozbargain.com.au (https://www.ozbargain.com.au/competition/chobani.com.au)",
                  "title": "Chobani: Competitions - OzBargain Competitions",
                  "headline": "Chobani &raquo; Competitions",
                  "type": "PRIZE",
                  "heroCount": null,
                  "totalWinners": null,
                  "cadence": null,
                  "prizeItems": [
                    "car",
                    "data",
                    "voucher",
                    "gift card",
                    "cash"
                  ],
                  "prizeValueHint": "$100",
                  "confidence": 0.6,
                  "viaRedemption": false,
                  "giftCard": null
                },
                {
                  "brand": "CHOBANI",
                  "url": "https://www.chobani.com.au/competition-tscs/",
                  "source": "Source: chobani.com.au (https://www.chobani.com.au/competition-tscs/)",
                  "title": "Competition - Terms and Conditions 2024 - Chobani Australia",
                  "headline": "Chobani Australia Terms and Conditions. View Chobani x Remedy Terms and Conditions ¬∑ View Chobani x Ninja Kitchen Terms and Conditions ...",
                  "type": "PRIZE",
                  "heroCount": null,
                  "totalWinners": null,
                  "cadence": null,
                  "prizeItems": [
                    "car",
                    "data"
                  ],
                  "prizeValueHint": null,
                  "confidence": 0.6,
                  "viaRedemption": false,
                  "giftCard": null
                },
                {
                  "brand": "Chobani",
                  "url": "https://www.chobani.com.au/",
                  "source": "Source: chobani.com.au (https://www.chobani.com.au/)",
                  "title": "Chobani Australia",
                  "headline": "Real yogurt. Real simple.",
                  "type": "PRIZE",
                  "heroCount": null,
                  "totalWinners": null,
                  "cadence": null,
                  "prizeItems": [
                    "car",
                    "data",
                    "plan"
                  ],
                  "prizeValueHint": null,
                  "confidence": 0.6,
                  "viaRedemption": false,
                  "giftCard": null
                },
                {
                  "brand": "Sara Lee",
                  "url": "https://winwithsaralee.com.au/conditions.html",
                  "source": "Source: winwithsaralee.com.au (https://winwithsaralee.com.au/conditions.html)",
                  "title": "Sara Lee Waffles 30k Giveaway Instant Win Promotion",
                  "headline": "There are 150 prizes to be given away in this Promotion: 12 x AUD$1,000.00 Cash Prize, 13 x AUD$500.00 Mastercard eVouchers and 15 x AUD$250.00 Mastercard ...",
                  "type": "PRIZE",
                  "heroCount": 150,
                  "totalWinners": null,
                  "cadence": "instant",
                  "prizeItems": [
                    "data",
                    "cash",
                    "car",
                    "voucher"
                  ],
                  "prizeValueHint": "$500",
                  "confidence": 0.6,
                  "viaRedemption": false,
                  "giftCard": null
                },
                {
                  "brand": "Sara Lee",
                  "url": "https://saralee.com.au/enter-for-your-chance-to-win-our-grocery-giveaway/",
                  "source": "Source: saralee.com.au (https://saralee.com.au/enter-for-your-chance-to-win-our-grocery-giveaway/)",
                  "title": "Enter for your chance to WIN our Grocery Giveaway! &#8211; Sara Lee",
                  "headline": "Enter for your chance to WIN our Grocery Giveaway!",
                  "type": "PRIZE",
                  "heroCount": null,
                  "totalWinners": null,
                  "cadence": null,
                  "prizeItems": [
                    "voucher",
                    "data",
                    "car",
                    "tv"
                  ],
                  "prizeValueHint": "$200",
                  "confidence": 0.6,
                  "viaRedemption": false,
                  "giftCard": null
                },
                {
                  "brand": "Sara Lee",
                  "url": "https://saraleefoodservice.com.au/news-promotions/",
                  "source": "Source: saraleefoodservice.com.au (https://saraleefoodservice.com.au/news-promotions/)",
                  "title": "News &amp; Promotions | Sara Lee Foodservice Australia",
                  "headline": "News &#038; Promotions",
                  "type": "PRIZE",
                  "heroCount": null,
                  "totalWinners": null,
                  "cadence": null,
                  "prizeItems": [
                    "data",
                    "car",
                    "tv"
                  ],
                  "prizeValueHint": null,
                  "confidence": 0.6,
                  "viaRedemption": false,
                  "giftCard": null
                },
                {
                  "brand": "Sara Lee",
                  "url": "https://saralee.com.au/grocery-giveaway-tcs-australia/",
                  "source": "Source: saralee.com.au (https://saralee.com.au/grocery-giveaway-tcs-australia/)",
                  "title": "Grocery Giveaway T&#038;Cs Australia &#8211; Sara Lee",
                  "headline": "Grocery Giveaway T&#038;Cs Australia",
                  "type": "PRIZE",
                  "heroCount": null,
                  "totalWinners": null,
                  "cadence": null,
                  "prizeItems": [
                    "data",
                    "car",
                    "tv",
                    "gift card",
                    "cash",
                    "plan"
                  ],
                  "prizeValueHint": "$200",
                  "confidence": 0.6,
                  "viaRedemption": false,
                  "giftCard": null
                },
                {
                  "brand": "Sara Lee",
                  "url": "https://winwithsaralee.com.au/images/Sara%20Lee%20Instant%20Win%20T&C's.pdf",
                  "source": "Source: winwithsaralee.com.au (https://winwithsaralee.com.au/images/Sara%20Lee%20Instant%20Win%20T&C's.pdf)",
                  "title": "Sara Lee Waffles 30k Giveaway Instant Win Promotion",
                  "headline": "Winners will have their initials and state announced on the Sara Lee Promotional website at www.winwithsaralee.com by 30th October, 2024. 14. If ...",
                  "type": "PRIZE",
                  "heroCount": null,
                  "totalWinners": null,
                  "cadence": null,
                  "prizeItems": [
                    "tv"
                  ],
                  "prizeValueHint": "$222",
                  "confidence": 0.6,
                  "viaRedemption": false,
                  "giftCard": null
                },
                {
                  "brand": "Sara Lee",
                  "url": "http://winwithsaralee.com.au/",
                  "source": "Source: winwithsaralee.com.au (http://winwithsaralee.com.au/)",
                  "title": "Sara Lee Waffles 30k Giveaway Instant Win Promotion",
                  "headline": "The promotion commences on the 15/9/2024 at 0900 (AEST) and closes 27/10/2024 at 1700 (AEST). For full T&C's go to www.winwithsaralee.",
                  "type": "PRIZE",
                  "heroCount": null,
                  "totalWinners": null,
                  "cadence": "instant",
                  "prizeItems": [
                    "data",
                    "car",
                    "voucher",
                    "tv"
                  ],
                  "prizeValueHint": null,
                  "confidence": 0.6,
                  "viaRedemption": false,
                  "giftCard": null
                },
                {
                  "brand": "Sara Lee",
                  "url": "https://saralee.com.au/enter-for-your-chance-to-win-a-pair-of-sara-lee-socks-for-dad-terms-and-conditions-2/",
                  "source": "Source: saralee.com.au (https://saralee.com.au/enter-for-your-chance-to-win-a-pair-of-sara-lee-socks-for-dad-terms-and-conditions-2/)",
                  "title": "Enter for your chance to WIN a pair of Sara Lee socks for Dad! Terms and Conditions &#8211; Sara Lee",
                  "headline": "Enter for your chance to WIN a pair of Sara Lee socks for Dad! Terms and Conditions",
                  "type": "PRIZE",
                  "heroCount": 25,
                  "totalWinners": 25,
                  "cadence": null,
                  "prizeItems": [
                    "data",
                    "car",
                    "tv",
                    "cash",
                    "plan"
                  ],
                  "prizeValueHint": "$30",
                  "confidence": 0.6,
                  "viaRedemption": false,
                  "giftCard": null
                },
                {
                  "brand": "Sara Lee",
                  "url": "https://saralee.com.au/enter-for-your-chance-to-win-a-kitchenaid-mixer/",
                  "source": "Source: saralee.com.au (https://saralee.com.au/enter-for-your-chance-to-win-a-kitchenaid-mixer/)",
                  "title": "Enter for your chance to WIN a KitchenAid Mixer! &#8211; Sara Lee",
                  "headline": "Enter for your chance to WIN a KitchenAid Mixer!",
                  "type": "PRIZE",
                  "heroCount": null,
                  "totalWinners": null,
                  "cadence": null,
                  "prizeItems": [
                    "data",
                    "car",
                    "tv",
                    "plan",
                    "trip"
                  ],
                  "prizeValueHint": null,
                  "confidence": 0.6,
                  "viaRedemption": false,
                  "giftCard": null
                },
                {
                  "brand": "TUFFSTREETERS",
                  "url": "https://tuffstreeters.com.au/",
                  "source": "Source: tuffstreeters.com.au (https://tuffstreeters.com.au/)",
                  "title": "Home - Tuff Streeters",
                  "headline": "We Are Tuff Streeters",
                  "type": "PRIZE",
                  "heroCount": null,
                  "totalWinners": null,
                  "cadence": "weekly",
                  "prizeItems": [
                    "car",
                    "data",
                    "cash",
                    "trip"
                  ],
                  "prizeValueHint": "$100",
                  "confidence": 0.6,
                  "viaRedemption": false,
                  "giftCard": null
                },
                {
                  "brand": "LINKT",
                  "url": "https://www.linkt.com.au/campaigns/driveaway/sydney",
                  "source": "Source: linkt.com.au (https://www.linkt.com.au/campaigns/driveaway/sydney)",
                  "title": "Pardon Our Interruption",
                  "headline": "Pardon Our Interruption",
                  "type": "PRIZE",
                  "heroCount": null,
                  "totalWinners": null,
                  "cadence": null,
                  "prizeItems": [],
                  "prizeValueHint": null,
                  "confidence": 0.6,
                  "viaRedemption": false,
                  "giftCard": null
                },
                {
                  "brand": "YOURTOWN",
                  "url": "https://www.yourtown.com.au/",
                  "source": "Source: yourtown.com.au (https://www.yourtown.com.au/)",
                  "title": "yourtown | Art Union & Community Services | Prize Homes",
                  "headline": "Every young person deserves a chance to thrive",
                  "type": "PRIZE",
                  "heroCount": null,
                  "totalWinners": null,
                  "cadence": null,
                  "prizeItems": [
                    "car",
                    "data",
                    "tv"
                  ],
                  "prizeValueHint": null,
                  "confidence": 0.6,
                  "viaRedemption": false,
                  "giftCard": null
                },
                {
                  "brand": "RAFFLETIX",
                  "url": "https://www.raffletix.com.au/raffles",
                  "source": "Source: raffletix.com.au (https://www.raffletix.com.au/raffles)",
                  "title": "Live raffles",
                  "headline": "Live raffles",
                  "type": "PRIZE",
                  "heroCount": null,
                  "totalWinners": null,
                  "cadence": null,
                  "prizeItems": [
                    "tv",
                    "data",
                    "car"
                  ],
                  "prizeValueHint": null,
                  "confidence": 0.6,
                  "viaRedemption": false,
                  "giftCard": null
                },
                {
                  "brand": "MOTORCULTUREAUSTRALIA",
                  "url": "https://www.motorcultureaustralia.com/current-giveaways/",
                  "source": "Source: motorcultureaustralia.com (https://www.motorcultureaustralia.com/current-giveaways/)",
                  "title": "Current Giveaways &#8211; Motor Culture Australia",
                  "headline": "1 DAY ONLY! Mercedes AMG C63S ¬∑ 1 WEEK ONLY: Brand New INEOS Grenadier ¬∑ 1 DAY ONLY: $100,000 Cash Giveaway ¬∑ 2023 Honda Civic Type R ¬∑ 1 Week Only: Brand New 2024 ...",
                  "type": "PRIZE",
                  "heroCount": null,
                  "totalWinners": null,
                  "cadence": null,
                  "prizeItems": [
                    "data",
                    "car",
                    "cash",
                    "trip"
                  ],
                  "prizeValueHint": "$100,000",
                  "confidence": 0.6,
                  "viaRedemption": false,
                  "giftCard": null
                },
                {
                  "brand": "RSREWARDS",
                  "url": "https://rsrewards.com.au/competition",
                  "source": "Source: rsrewards.com.au (https://rsrewards.com.au/competition)",
                  "title": "RS Rewards - Australia's Best Rewards Club",
                  "headline": "Join RS Rewards for monthly prize draws and exclusive competitions. Win amazing prizes including cash, gift cards, and more. Enter our monthly raffles ...",
                  "type": "PRIZE",
                  "heroCount": null,
                  "totalWinners": null,
                  "cadence": "weekly",
                  "prizeItems": [
                    "cash",
                    "gift card",
                    "car",
                    "trip",
                    "data",
                    "plan",
                    "plans"
                  ],
                  "prizeValueHint": "$20",
                  "confidence": 0.6,
                  "viaRedemption": false,
                  "giftCard": null
                },
                {
                  "brand": "REDBULL",
                  "url": "https://www.redbull.com/au-en/events/red-bull-dance-your-style-national-finals-australia",
                  "source": "Source: redbull.com (https://www.redbull.com/au-en/events/red-bull-dance-your-style-national-finals-australia)",
                  "title": "Red Bull Dance Your Style Final Australia 2025",
                  "headline": "Red Bull Dance Your Style is a 1v1 Street Dance battle competition where Australia's best street dancers dance to unpredictable music hits and the crowd ...",
                  "type": "PRIZE",
                  "heroCount": null,
                  "totalWinners": null,
                  "cadence": null,
                  "prizeItems": [
                    "data",
                    "car"
                  ],
                  "prizeValueHint": null,
                  "confidence": 0.6,
                  "viaRedemption": false,
                  "giftCard": null
                },
                {
                  "brand": "MASTERSOFCHOREOGRAPHY",
                  "url": "https://www.mastersofchoreography.com/udo-australia",
                  "source": "Source: mastersofchoreography.com (https://www.mastersofchoreography.com/udo-australia)",
                  "title": "UDO AUSTRALIA | Masters Of Choreogra",
                  "headline": "UDO Australia falls under the Masters of Choreography umbrella and is our National Street Dance competition which we have hosted since 2015.",
                  "type": "PRIZE",
                  "heroCount": null,
                  "totalWinners": null,
                  "cadence": null,
                  "prizeItems": [
                    "tv",
                    "data",
                    "car",
                    "plans",
                    "trip",
                    "giftcard",
                    "plan"
                  ],
                  "prizeValueHint": null,
                  "confidence": 0.6,
                  "viaRedemption": false,
                  "giftCard": null
                },
                {
                  "brand": "DARLINGHARBOUR",
                  "url": "https://www.darlingharbour.com/whats-on/archive/events/beat-breakdown",
                  "source": "Source: darlingharbour.com (https://www.darlingharbour.com/whats-on/archive/events/beat-breakdown)",
                  "title": "Beat Breakdown - Battle it out at Sydney&#39;s 1v1 Street Dance Showdown in Darling Harbour | Darling Harbour",
                  "headline": "Beat Breakdown",
                  "type": "PRIZE",
                  "heroCount": null,
                  "totalWinners": null,
                  "cadence": "weekly",
                  "prizeItems": [
                    "data",
                    "car",
                    "plan"
                  ],
                  "prizeValueHint": null,
                  "confidence": 0.6,
                  "viaRedemption": false,
                  "giftCard": null
                },
                {
                  "brand": "TRANSPORT",
                  "url": "https://www.transport.nsw.gov.au/industry/cities-and-active-transport/cities-revitalisation-and-place/festival-of-place/creative-3",
                  "source": "Source: transport.nsw.gov.au (https://www.transport.nsw.gov.au/industry/cities-and-active-transport/cities-revitalisation-and-place/festival-of-place/creative-3)",
                  "title": "Public Space Ideas Competition | Transport for NSW",
                  "headline": "The Ideas Competition aimed to shape a new conversation about public space in Sydney and was delivered in partnership with the Committee for Sydney.",
                  "type": "PRIZE",
                  "heroCount": null,
                  "totalWinners": null,
                  "cadence": null,
                  "prizeItems": [
                    "car",
                    "data",
                    "tv",
                    "trip",
                    "plan"
                  ],
                  "prizeValueHint": null,
                  "confidence": 0.6,
                  "viaRedemption": false,
                  "giftCard": null
                },
                {
                  "brand": "NUTELLA",
                  "url": "https://www.nutella.com/au/en/xp/nutella-x-kinder-biscuits/faq/",
                  "source": "Source: nutella.com (https://www.nutella.com/au/en/xp/nutella-x-kinder-biscuits/faq/)",
                  "title": "Nutella x Kinder Biscuits promotion",
                  "headline": "Frequently Asked Questions",
                  "type": "PRIZE",
                  "heroCount": null,
                  "totalWinners": null,
                  "cadence": "instant",
                  "prizeItems": [
                    "data",
                    "gift card",
                    "car"
                  ],
                  "prizeValueHint": "$100",
                  "confidence": 0.6,
                  "viaRedemption": false,
                  "giftCard": null
                },
                {
                  "brand": "KINDER",
                  "url": "https://www.kinder.com/au/en/xp/kinderbuenosoundbreaks/term-conditions",
                  "source": "Source: kinder.com (https://www.kinder.com/au/en/xp/kinderbuenosoundbreaks/term-conditions)",
                  "title": "T&amp;C | Kinder Bueno Sound Breaks",
                  "headline": "All provisional winners are subject to verification. Upon verification, winners will be sent their prize. Total prize pool. The total prize pool is AU$43,022.",
                  "type": "PRIZE",
                  "heroCount": 1,
                  "totalWinners": null,
                  "cadence": "daily",
                  "prizeItems": [
                    "data",
                    "car",
                    "holiday",
                    "cash",
                    "plan"
                  ],
                  "prizeValueHint": "$439",
                  "confidence": 0.6,
                  "viaRedemption": false,
                  "giftCard": null
                },
                {
                  "brand": "NUTELLA",
                  "url": "https://www.nutella.com/au/en/xp/nutella-x-kinder-biscuits/winners/",
                  "source": "Source: nutella.com (https://www.nutella.com/au/en/xp/nutella-x-kinder-biscuits/winners/)",
                  "title": "Winners - Nutella",
                  "headline": "Winners",
                  "type": "PRIZE",
                  "heroCount": null,
                  "totalWinners": null,
                  "cadence": null,
                  "prizeItems": [
                    "data",
                    "gift card",
                    "car"
                  ],
                  "prizeValueHint": "$10,000",
                  "confidence": 0.6,
                  "viaRedemption": false,
                  "giftCard": null
                },
                {
                  "brand": "KINDER",
                  "url": "https://www.kinder.com/au/en/kinder-natoons-consumer-promotion-faq",
                  "source": "Source: kinder.com (https://www.kinder.com/au/en/kinder-natoons-consumer-promotion-faq)",
                  "title": "Kinder Natoons Consumer Promotion FAQ - Kinder Australia and New Zealand",
                  "headline": "Kinder Natoons Consumer Promotion FAQ",
                  "type": "PRIZE",
                  "heroCount": null,
                  "totalWinners": null,
                  "cadence": "daily",
                  "prizeItems": [
                    "car",
                    "data",
                    "tv"
                  ],
                  "prizeValueHint": null,
                  "confidence": 0.6,
                  "viaRedemption": false,
                  "giftCard": null
                },
                {
                  "brand": "TCGPROMO",
                  "url": "https://tcgpromo.com.au/au/en/xp/win/terms-lavazza/",
                  "source": "Source: tcgpromo.com.au (https://tcgpromo.com.au/au/en/xp/win/terms-lavazza/)",
                  "title": "Terms-Lavazza | Nutella¬†DeLonghi Promotion",
                  "headline": "All draws will take place at 3:30pm AEST/AEDT (5:30pm NZDT) at Handling Matters Pty Ltd, Unit 40, 1-5 Thew Parade, Cromer NSW 2099 on the dates specified in the ...",
                  "type": "PRIZE",
                  "heroCount": 250,
                  "totalWinners": null,
                  "cadence": null,
                  "prizeItems": [
                    "data",
                    "car",
                    "gift card",
                    "cash",
                    "plan"
                  ],
                  "prizeValueHint": "$15",
                  "confidence": 0.6,
                  "viaRedemption": false,
                  "giftCard": null
                },
                {
                  "brand": "Woolworths",
                  "url": "https://www.lottos.com.au/competitions/viewthreadlite.php?tid=672336",
                  "source": "Source: lottos.com.au (https://www.lottos.com.au/competitions/viewthreadlite.php?tid=672336)",
                  "title": "Verifying...",
                  "headline": "The winner of the Major Prize Draw will win one (1) $10,000 EFTPOS Gift Card. Total prize pool. The total prize pool is AU$50,000. How many ...",
                  "type": "PRIZE",
                  "heroCount": null,
                  "totalWinners": null,
                  "cadence": null,
                  "prizeItems": [
                    "data"
                  ],
                  "prizeValueHint": null,
                  "confidence": 0.6,
                  "viaRedemption": false,
                  "giftCard": null
                },
                {
                  "brand": "KINDER",
                  "url": "https://www.kinder.com/au/en/win",
                  "source": "Source: kinder.com (https://www.kinder.com/au/en/win)",
                  "title": "Win - Kinder Australia and New Zealand",
                  "headline": "Enter for a chance to win 1 of 1500 Natoons Adventure Boards.",
                  "type": "PRIZE",
                  "heroCount": 150,
                  "totalWinners": null,
                  "cadence": null,
                  "prizeItems": [
                    "data",
                    "car"
                  ],
                  "prizeValueHint": null,
                  "confidence": 0.6,
                  "viaRedemption": false,
                  "giftCard": null
                },
                {
                  "brand": "AP-SOUTHEAST-2",
                  "url": "https://ap-southeast-2.graphassets.com/AY4aDPEmTRrKdZ4jgHiscz/cmbr6yjzfyqw6072vyro8jeep",
                  "source": "Source: ap-southeast-2.graphassets.com (https://ap-southeast-2.graphassets.com/AY4aDPEmTRrKdZ4jgHiscz/cmbr6yjzfyqw6072vyro8jeep)",
                  "title": "PR240643 - Conversion - Nutella and Kinder Biscuits Promotion",
                  "headline": "Entries open at 12:00am AEST on 16/07/25 and close at 11:59pm AEST on 26/08/25. (‚ÄúCompetition Period‚Äù). Who can enter?",
                  "type": "PRIZE",
                  "heroCount": null,
                  "totalWinners": null,
                  "cadence": null,
                  "prizeItems": [
                    "tv",
                    "giftcard",
                    "car"
                  ],
                  "prizeValueHint": "$79",
                  "confidence": 0.6,
                  "viaRedemption": false,
                  "giftCard": null
                },
                {
                  "brand": "FERRERO",
                  "url": "https://www.ferrero.com/int/en/news-stories/news/tic-tac-launches-new-choose-your-match-campaign",
                  "source": "Source: ferrero.com (https://www.ferrero.com/int/en/news-stories/news/tic-tac-launches-new-choose-your-match-campaign)",
                  "title": "Tic Tac Launches &#039;Choose Your Match&#039; Campaign - Vote for the Next Limited-Edition Flavor | Ferrero",
                  "headline": "Join Tic Tac's 'Choose Your Match' campaign and help decide the next limited-edition flavor! Explore new refreshing Tic Tac flavors, ...",
                  "type": "PRIZE",
                  "heroCount": null,
                  "totalWinners": null,
                  "cadence": null,
                  "prizeItems": [
                    "car",
                    "plan",
                    "data",
                    "trip",
                    "tv"
                  ],
                  "prizeValueHint": null,
                  "confidence": 0.6,
                  "viaRedemption": false,
                  "giftCard": null
                },
                {
                  "brand": "EMPORIUMSHOWBAGS",
                  "url": "https://emporiumshowbags.com.au/terms-and-conditions/",
                  "source": "Source: emporiumshowbags.com.au (https://emporiumshowbags.com.au/terms-and-conditions/)",
                  "title": "Terms and Conditions | Emporium Showbags",
                  "headline": "Winners will be posted on @‚Äåemporiumshowbags Instagram stories at 7pm Wednesday 24th September 2025 AEDT. Winner will be contacted through our official ...",
                  "type": "PRIZE",
                  "heroCount": null,
                  "totalWinners": null,
                  "cadence": null,
                  "prizeItems": [
                    "data",
                    "car",
                    "cash",
                    "gift card",
                    "voucher",
                    "tv"
                  ],
                  "prizeValueHint": "$500",
                  "confidence": 0.6,
                  "viaRedemption": false,
                  "giftCard": null
                },
                {
                  "brand": "Gelatissimo",
                  "url": "https://gelatissimo.com.au/gelatissimo-marion-birthday-giveaway-tcs/",
                  "source": "Source: gelatissimo.com.au (https://gelatissimo.com.au/gelatissimo-marion-birthday-giveaway-tcs/)",
                  "title": "Gelatissimo Marion Birthday Giveaway T&amp;Cs - Gelatissimo",
                  "headline": "Gelatissimo Marion Birthday Giveaway T&#038;Cs",
                  "type": "PRIZE",
                  "heroCount": null,
                  "totalWinners": null,
                  "cadence": "daily",
                  "prizeItems": [
                    "data",
                    "car",
                    "gift card",
                    "cash",
                    "tv"
                  ],
                  "prizeValueHint": "$500",
                  "confidence": 0.6,
                  "viaRedemption": false,
                  "giftCard": null
                },
                {
                  "brand": "GELATISSIMO",
                  "url": "https://gelatissimo.com.au/social-competition-terms-conditions/",
                  "source": "Source: gelatissimo.com.au (https://gelatissimo.com.au/social-competition-terms-conditions/)",
                  "title": "Social Competitions - Terms &amp; Conditions - Gelatissimo",
                  "headline": "Social Competitions &#8211; Terms &#038; Conditions",
                  "type": "PRIZE",
                  "heroCount": null,
                  "totalWinners": null,
                  "cadence": "daily",
                  "prizeItems": [
                    "data",
                    "car",
                    "gift card",
                    "cash",
                    "tv"
                  ],
                  "prizeValueHint": "$20",
                  "confidence": 0.6,
                  "viaRedemption": false,
                  "giftCard": null
                },
                {
                  "brand": "GELATISSIMO",
                  "url": "https://gelatissimo.com.au/turtally-awesome-colouring-in-competition/",
                  "source": "Source: gelatissimo.com.au (https://gelatissimo.com.au/turtally-awesome-colouring-in-competition/)",
                  "title": "Turtally Awesome Colouring In Competition - Gelatissimo",
                  "headline": "Turtally Awesome Colouring In Competition",
                  "type": "PRIZE",
                  "heroCount": 46,
                  "totalWinners": null,
                  "cadence": "daily",
                  "prizeItems": [
                    "data",
                    "car",
                    "cash",
                    "plan",
                    "gift card",
                    "tv"
                  ],
                  "prizeValueHint": "$49",
                  "confidence": 0.6,
                  "viaRedemption": false,
                  "giftCard": null
                },
                {
                  "brand": "GELATISSIMO",
                  "url": "https://gelatissimo.com.au/celebrate-mont-blanc-moccamaster-giveaway-tcs/",
                  "source": "Source: gelatissimo.com.au (https://gelatissimo.com.au/celebrate-mont-blanc-moccamaster-giveaway-tcs/)",
                  "title": "Celebrate Mont Blanc - Moccamaster Giveaway T&amp;Cs - Gelatissimo",
                  "headline": "Celebrate Mont Blanc &#8211; Moccamaster Giveaway T&#038;Cs",
                  "type": "PRIZE",
                  "heroCount": null,
                  "totalWinners": null,
                  "cadence": "daily",
                  "prizeItems": [
                    "data",
                    "car",
                    "cash",
                    "gift card",
                    "tv"
                  ],
                  "prizeValueHint": "$600",
                  "confidence": 0.6,
                  "viaRedemption": false,
                  "giftCard": null
                },
                {
                  "brand": "Gelatissimo",
                  "url": "https://gelatissimo.com.au/gelatissimo-x-transformers-one-merchandise-competition-terms-conditions/",
                  "source": "Source: gelatissimo.com.au (https://gelatissimo.com.au/gelatissimo-x-transformers-one-merchandise-competition-terms-conditions/)",
                  "title": "Gelatissimo x TRANSFORMERS ONE Merchandise Competition Terms &amp; Conditions - Gelatissimo",
                  "headline": "Gelatissimo x TRANSFORMERS ONE Merchandise Competition Terms &#038; Conditions",
                  "type": "PRIZE",
                  "heroCount": 15,
                  "totalWinners": null,
                  "cadence": "daily",
                  "prizeItems": [
                    "data",
                    "car",
                    "cash",
                    "plan",
                    "gift card",
                    "tv"
                  ],
                  "prizeValueHint": "$500",
                  "confidence": 0.6,
                  "viaRedemption": false,
                  "giftCard": null
                }
              ]
            },
            "retailers": {
              "names": [
                "Coles",
                "Woolworths",
                "ALDI",
                "IGA",
                "7-Eleven",
                "IGA / Metcash",
                "Convenience chains (7-Eleven, NightOwl)"
              ],
              "facts": [
                {
                  "claim": "Shop Wicked Sister Products Online ‚Äî Spend $20 in one transaction, scan your Flybuys and receive one bonus ... Coles Online - Hawthorn East, Victoria Australia 3123 ¬© Copyright Coles 2025 ...",
                  "source": "Source: coles.com.au (https://www.coles.com.au/brands/wicked-sister-2243304464?srsltid=AfmBOorYQ8EpCARESOfggSYw6a0kH6Cd3I8WTHdJ2uPnxIgPwdEmQSyX)"
                },
                {
                  "claim": "Shop Wicked Products Online ‚Äî Wicked Sister High Protein Chocolate Pudding | 170g. Wicked Sister High Protein Chocolate Pudding | 170g. $3.30. $1.94 per 100g.",
                  "source": "Source: coles.com.au (https://www.coles.com.au/brands/wicked-209964905?srsltid=AfmBOortoQhVbLxDlHASP978vo60t2xIrbty54sQNgLP1XZNkHeuMoVj)"
                },
                {
                  "claim": "Shop Wicked Sister Products Online ‚Äî Shop your way at Coles. Our range of Wicked Sister products at everyday low prices you know and trust. Shop online and get home delivery or click and ...",
                  "source": "Source: coles.com.au (https://www.coles.com.au/brands/wicked-sister-2243304464?srsltid=AfmBOophw4pZ-ovAdz4Yo1Wu-oOmT-q36A_DguVvm1KJ1Y5teT7wiTKK)"
                },
                {
                  "claim": "Browse Frozen Desserts ‚Äî Frozen Desserts ; Sara Lee Lemon Cheesecake | 410g ¬∑ $2.20 per 100g ; Sara Lee Frozen Chocolate Buttercake | 350g ¬∑ $2.57 per 100g ; Sara Lee ...",
                  "source": "Source: coles.com.au (https://www.coles.com.au/browse/frozen/frozen-desserts?srsltid=AfmBOoqADk4B-Ru-b16VsUXkYkjrkoV-PHhDU49mf67OBdGP2in7EG7t)"
                },
                {
                  "claim": "Browse Assorted Desserts ‚Äî Assorted Desserts ; Sara Lee Frozen Chocolate Buttercake | 350g ¬∑ $9.00. $2.57 per 100g ; Coles Finest Triple Chocolate Buche | 470g ¬∑ $18.00.",
                  "source": "Source: coles.com.au (https://www.coles.com.au/browse/frozen/frozen-desserts/assorted-desserts?srsltid=AfmBOoqLhpCXuJ8382fayyc4PQ8RPG3OAm3owlAHdkMPjR1g9IWQL5_N)"
                },
                {
                  "claim": "Browse Frozen ‚Äî Binggrae Samanco Dessert Sandwich 4 Pack. Frozen dessert with strawberry or red bean flavours. Shop Now.",
                  "source": "Source: coles.com.au (https://www.coles.com.au/browse/frozen?srsltid=AfmBOooaZxqdFdACnLS3yFGQgsu_guylkITN7tX67HTQrC-MnBEEpot1)"
                },
                {
                  "claim": "Browse Ice Cream ‚Äî Proud & Punch Coconuts For Mango Frozen Dessert 6 Pack | 450mL. Proud & Punch Coconuts For Mango Frozen Dessert 6 Pack | 450mL. $4.25.",
                  "source": "Source: coles.com.au (https://www.coles.com.au/browse/frozen/ice-cream?srsltid=AfmBOopKVUD0tKALr3q2cigrPI24lPrC5JUNTGfeZWP0tHdIiJ964h_W)"
                },
                {
                  "claim": "Browse Cakes & Cheesecakes ‚Äî Sara Lee Lemon Cheesecake | 410g ¬∑ $2.20 per 100g ; Sara Lee Frozen Chocolate Buttercake | 350g ¬∑ $2.57 per 100g ; Sara Lee Frozen Chocolate ...",
                  "source": "Source: coles.com.au (https://www.coles.com.au/browse/frozen/frozen-desserts/cakes-cheesecakes?srsltid=AfmBOoqRuWbhAPkO3Sbtpqm1KvK3E9gS8F9j4TO18tYXyN36IOJMwGxq)"
                }
              ]
            },
            "season": {
              "label": "Spring in Australia",
              "facts": []
            },
            "market": {
              "facts": [
                {
                  "claim": "Bridging the gap: Trends and challenges in grocery and retail ‚Äî With consumers increasingly seeking convenience, food-to-go and meal solutions are becoming increasingly popular. While many grocery retailers ...",
                  "source": "Source: retail.org.au (https://www.retail.org.au/news-and-insights/bridging-the-gap-trends-and-challenges-in-grocery-and-retail)"
                },
                {
                  "claim": "Supermarkets and Grocery Stores in Australia ‚Äî Trends and Insights ¬∑ ACCC's supermarket inquiry has highlighted key industry dynamics. ¬∑ Changing consumer trends are causing a shift in store product mixes.",
                  "source": "Source: ibisworld.com (https://www.ibisworld.com/australia/industry/supermarkets-and-grocery-stores/1834/)"
                },
                {
                  "claim": "Australian Retail Outlook 2025 ‚Äî Retail sector trends and insights for 2025, including digital evolution, customer experience, sustainability and supply chain optimisation.",
                  "source": "Source: kpmg.com (https://kpmg.com/au/en/insights/industry/australian-retail-outlook.html)"
                },
                {
                  "claim": "People infer better odds when many winners are visible; cadence visibility (e.g., daily awards) increases perceived fairness.",
                  "source": "Source: indicative (behavioural marketing literature)"
                }
              ]
            },
            "signals": {
              "facts": [
                {
                  "claim": "Client: Wicked Sister",
                  "source": "Source: brief"
                },
                {
                  "claim": "Brand: Wicked Sister",
                  "source": "Source: brief"
                },
                {
                  "claim": "Campaign objective: Drive two-pack purchases and capture opted-in dessert fans before the Wicked film release.",
                  "source": "Source: brief"
                },
                {
                  "claim": "Promotion type: INSTANT_WIN",
                  "source": "Source: brief"
                },
                {
                  "claim": "Mechanic: Buy 2 products, upload receipts and discover instantly if you‚Äôve scored a movie ticket.",
                  "source": "Source: brief"
                },
                {
                  "claim": "Hook: Win a Movie Ticket Instantly",
                  "source": "Source: brief"
                },
                {
                  "claim": "Channels: In-store",
                  "source": "Source: brief"
                },
                {
                  "claim": "Channels: Social",
                  "source": "Source: brief"
                },
                {
                  "claim": "Channels: Digital",
                  "source": "Source: brief"
                },
                {
                  "claim": "Channels: Influencer",
                  "source": "Source: brief"
                },
                {
                  "claim": "Channels: Retail Media",
                  "source": "Source: brief"
                },
                {
                  "claim": "Channels: GROCERY",
                  "source": "Source: brief"
                },
                {
                  "claim": "Channels: CONVENIENCE",
                  "source": "Source: brief"
                },
                {
                  "claim": "Season/theme: Spring",
                  "source": "Source: brief"
                },
                {
                  "claim": "Staff burden: ZERO",
                  "source": "Source: brief"
                },
                {
                  "claim": "Proof requirement: FULL_RECEIPT",
                  "source": "Source: brief"
                },
                {
                  "claim": "Entry mechanic cues: Win a Movie Ticket Instantly",
                  "source": "Source: brief"
                },
                {
                  "claim": "Entry mechanic cues: Buy 2 products, upload receipts and discover instantly if you‚Äôve scored a movie ticket.",
                  "source": "Source: brief"
                },
                {
                  "claim": "Campaign title: Spring Movie Launch",
                  "source": "Source: brief"
                },
                {
                  "claim": "IP tie-in briefed (licensed): Wicked ‚Äî For Good | type: FILM | window: November 2025.",
                  "source": "Source: brief"
                },
                {
                  "claim": "Recent promos show hero prize counts clustering around ~35.5 (mode ‚âà 1).",
                  "source": "Source: indicative (live promo scan)"
                },
                {
                  "claim": "Cadence cues common in-market: instant & weekly & daily.",
                  "source": "Source: indicative (live promo scan)"
                }
              ]
            },
            "benchmarks": {
              "heroPrize": {
                "median": 35.5,
                "mode": 1
              },
              "cadenceShare": {
                "instant": 0.3529411764705883,
                "weekly": 0.2352941176470588,
                "daily": 0.4117647058823529
              },
              "manyWinnersShare": 0,
              "prizeCountsObserved": {
                "total": 10,
                "common": [
                  {
                    "count": 1,
                    "share": 0.2
                  },
                  {
                    "count": 150,
                    "share": 0.2
                  },
                  {
                    "count": 3,
                    "share": 0.1
                  }
                ]
              },
              "recommendedHeroCount": 3,
              "positionVsMarket": "UNKNOWN"
            },
            "meta": {
              "level": "MAX",
              "warnings": [],
              "usedFallbacks": [],
              "searchProvider": "serper",
              "logs": [
                "search:serper:The Wicked Sisters shopper promotion AU -> 6",
                "search:serper:The Wicked Sisters Coles promotion AU -> 6",
                "search:serper:Frozen dessert Australia market trend -> 6",
                "search:serper:Australia grocery & convenience retail trends -> 6",
                "search:serper:The Wicked Sisters shopper insights AU -> 6",
                "search:serper:Frozen dessert promotion Australia -> 6",
                "search:serper:The Wicked Sisters consumer insights AU -> 6",
                "search:serper:The Wicked Sisters consumer research AU -> 6",
                "search:serper:The Wicked Sisters Coles activation Australia -> 6",
                "search:serper:Frozen dessert category growth Australia -> 6",
                "search:serper:The Wicked Sisters brand campaign AU -> 6",
                "search:serper:The Wicked Sisters buyer insight AU -> 6",
                "search:serper:The Wicked Sisters Coles buyer pitch -> 6",
                "search:serper:The Wicked Sisters market share AU -> 6",
                "search:serper:The Wicked Sisters audience profile Australia -> 6",
                "search:serper:The Wicked Sisters Drive two-pack purchases and capture opted-in dessert fans before the Wicked film release. promotion AU -> 6",
                "search:serper:The Wicked Sisters Coles range review -> 6",
                "search:serper:The Wicked Sisters category performance AU -> 6",
                "search:serper:Primary grocery buyers shopper insights AU -> 6",
                "search:serper:The Wicked Sisters Coles case study -> 6",
                "search:serper:The Wicked Sisters Win a Movie Ticket Instantly promotion AU -> 6",
                "search:serper:The Wicked Sisters sales growth AU -> 6",
                "search:serper:Primary grocery buyers promotion response AU -> 6",
                "search:serper:The Wicked Sisters Woolworths promotion AU -> 6",
                "search:serper:The Wicked Sisters Buy 2 products, upload receipts and discover instantly if you‚Äôve scored a movie ticket. promotion AU -> 6",
                "search:serper:The Wicked Sisters Woolworths activation Australia -> 6",
                "search:serper:The Wicked Sisters Australia -> 6",
                "search:serper:They reward the family with purposeful treats that feel magical but still practical. shopper insights AU -> 6",
                "search:serper:The Wicked Sisters prize draw Australia -> 6",
                "search:serper:The Wicked Sisters Woolworths buyer pitch -> 6",
                "search:serper:They reward the family with purposeful treats that feel magical but still practical. promotion response AU -> 6",
                "search:serper:Plans movie nights, shares dessert finds on social, responds to retailer app notifications. shopper insights AU -> 6",
                "search:serper:The Wicked Sisters Woolworths range review -> 6",
                "search:serper:The Wicked Sisters Woolworths case study -> 6",
                "search:serper:Plans movie nights, shares dessert finds on social, responds to retailer app notifications. promotion response AU -> 6",
                "search:serper:In-store shopper behaviour AU -> 6",
                "search:serper:The Wicked Sisters ALDI promotion AU -> 6",
                "search:serper:The Wicked Sisters ALDI activation Australia -> 6",
                "search:serper:Social shopper behaviour AU -> 6",
                "search:serper:The Wicked Sisters ALDI buyer pitch -> 6",
                "search:serper:Digital shopper behaviour AU -> 6",
                "search:serper:Influencer shopper behaviour AU -> 6",
                "search:serper:The Wicked Sisters ALDI range review -> 6",
                "search:serper:The Wicked Sisters ALDI case study -> 6",
                "search:serper:Australia grocery shopper promotion trends -> 6",
                "search:serper:The Wicked Sisters IGA promotion AU -> 6",
                "search:serper:front-of-store impulse purchase research Australia -> 6",
                "search:serper:The Wicked Sisters IGA activation Australia -> 6",
                "search:serper:AU retail promotional response study -> 6",
                "search:serper:The Wicked Sisters IGA buyer pitch -> 6",
                "search:serper:The Wicked Sisters IGA range review -> 6",
                "search:serper:The Wicked Sisters IGA case study -> 6",
                "search:serper:The Wicked Sisters 7-Eleven promotion AU -> 6",
                "search:serper:The Wicked Sisters 7-Eleven activation Australia -> 6",
                "search:serper:The Wicked Sisters 7-Eleven buyer pitch -> 6",
                "search:serper:The Wicked Sisters 7-Eleven range review -> 6",
                "search:serper:The Wicked Sisters 7-Eleven case study -> 6",
                "search:serper:The Wicked Sisters IGA / Metcash promotion AU -> 6",
                "search:serper:The Wicked Sisters IGA / Metcash activation Australia -> 6",
                "search:serper:The Wicked Sisters IGA / Metcash buyer pitch -> 2",
                "search:serper:The Wicked Sisters IGA / Metcash range review -> 6",
                "search:serper:The Wicked Sisters IGA / Metcash case study -> 6",
                "search:serper:The Wicked Sisters Convenience chains (7-Eleven, NightOwl) promotion AU -> 6",
                "search:serper:The Wicked Sisters Convenience chains (7-Eleven, NightOwl) activation Australia -> 6",
                "search:serper:The Wicked Sisters Convenience chains (7-Eleven, NightOwl) buyer pitch -> 6",
                "search:serper:The Wicked Sisters Convenience chains (7-Eleven, NightOwl) range review -> 6",
                "search:serper:The Wicked Sisters Convenience chains (7-Eleven, NightOwl) case study -> 6",
                "search:serper:The Wicked Sisters ranging Australia -> 6",
                "search:serper:The Wicked Sisters retail buyer feedback -> 6",
                "search:serper:The Wicked Sisters supermarket partnership Australia -> 6",
                "search:serper:Coles freezer space Frozen dessert AU -> 5",
                "search:serper:Frozen dessert treat cost of living AU -> 5",
                "search:serper:Coles range review Frozen dessert AU -> 5",
                "search:serper:Frozen dessert grocery budget indulgence AU -> 5",
                "search:serper:Coles shelf space competition Frozen dessert -> 5",
                "search:serper:Frozen dessert family dessert sharing insight -> 5",
                "search:serper:Woolworths freezer space Frozen dessert AU -> 5",
                "search:serper:Frozen dessert shopper mum buying for family -> 5",
                "search:serper:Woolworths range review Frozen dessert AU -> 5",
                "search:serper:Woolworths shelf space competition Frozen dessert -> 5",
                "search:serper:Frozen dessert affordable luxury Australia -> 5",
                "search:serper:ALDI freezer space Frozen dessert AU -> 5",
                "search:serper:cost of living grocery treat australia -> 5",
                "search:serper:ALDI range review Frozen dessert AU -> 5",
                "search:serper:grocery buyer vs eater insight australia -> 5",
                "search:serper:The Wicked Sisters shopper insight australia -> 5",
                "search:serper:ALDI shelf space competition Frozen dessert -> 5",
                "search:serper:The Wicked Sisters cost of living -> 5",
                "search:serper:IGA freezer space Frozen dessert AU -> 5",
                "search:serper:The Wicked Sisters treat mom insight -> 5",
                "search:serper:IGA range review Frozen dessert AU -> 5",
                "search:serper:IGA shelf space competition Frozen dessert -> 5",
                "search:serper:7-Eleven freezer space Frozen dessert AU -> 5",
                "search:serper:7-Eleven range review Frozen dessert AU -> 5",
                "search:serper:7-Eleven shelf space competition Frozen dessert -> 5",
                "search:serper:IGA / Metcash freezer space Frozen dessert AU -> 5",
                "search:serper:IGA / Metcash range review Frozen dessert AU -> 5",
                "search:serper:IGA / Metcash shelf space competition Frozen dessert -> 5",
                "search:serper:The Wicked Sisters Coles ranging -> 5",
                "search:serper:The Wicked Sisters Woolworths range -> 5",
                "search:serper:The Wicked Sisters freezer facings Australia -> 5",
                "search:serper:Frozen dessert freezer space Australia -> 5",
                "search:serper:Frozen dessert shelf share supermarket -> 5",
                "search:serper:Frozen dessert private label competition Australia -> 5",
                "search:serper:Frozen dessert range review Coles -> 5",
                "search:serper:Frozen dessert range review Woolworths -> 5",
                "search:serper:Frozen dessert independent grocer freezer -> 5",
                "search:serper:Rokeby Farms freezer space Coles -> 5",
                "search:serper:Rokeby Farms Woolworths freezer -> 5",
                "search:serper:Priestley‚Äôs Gourmet Delights freezer space Coles -> 5",
                "search:serper:Priestley‚Äôs Gourmet Delights Woolworths freezer -> 5",
                "search:serper:Jillian's Cakery freezer space Coles -> 5",
                "search:serper:Rokeby Farms promotion AU -> 6",
                "search:serper:Rokeby Farms competition AU -> 6",
                "search:serper:Priestley‚Äôs Gourmet Delights promotion AU -> 6",
                "search:serper:Priestley‚Äôs Gourmet Delights competition AU -> 6",
                "search:serper:Jillian's Cakery promotion AU -> 6",
                "search:serper:Jillian's Cakery competition AU -> 6",
                "search:serper:Belle Fleur promotion AU -> 6",
                "search:serper:Belle Fleur competition AU -> 6",
                "search:serper:Beak & Johnston promotion AU -> 6",
                "search:serper:Beak & Johnston competition AU -> 6",
                "search:serper:Carman's promotion AU -> 6",
                "search:serper:Carman's competition AU -> 6",
                "search:serper:Pauls PLUS+ promotion AU -> 6",
                "search:serper:Pauls PLUS+ competition AU -> 6",
                "search:serper:Chobani promotion AU -> 6",
                "search:serper:Chobani competition AU -> 6",
                "search:serper:Rokeby Farms brand overview AU -> 6",
                "search:serper:Rokeby Farms chilled dessert brand Australia -> 6",
                "search:serper:Rokeby Farms shopper insight AU -> 6",
                "search:serper:Rokeby Farms retail distribution Australia -> 6",
                "search:serper:The Wicked Sisters vs Rokeby Farms -> 6",
                "search:serper:The Wicked Sisters and Rokeby Farms market share -> 6",
                "search:serper:The Wicked Sisters Rokeby Farms comparison Australia -> 6",
                "search:serper:Priestley‚Äôs Gourmet Delights brand overview AU -> 6",
                "search:serper:Priestley‚Äôs Gourmet Delights chilled dessert brand Australia -> 6",
                "search:serper:Priestley‚Äôs Gourmet Delights shopper insight AU -> 6",
                "search:serper:Priestley‚Äôs Gourmet Delights retail distribution Australia -> 6",
                "search:serper:The Wicked Sisters vs Priestley‚Äôs Gourmet Delights -> 6",
                "search:serper:The Wicked Sisters and Priestley‚Äôs Gourmet Delights market share -> 6",
                "search:serper:The Wicked Sisters Priestley‚Äôs Gourmet Delights comparison Australia -> 6",
                "search:serper:Jillian's Cakery brand overview AU -> 6",
                "search:serper:Jillian's Cakery chilled dessert brand Australia -> 6",
                "search:serper:Jillian's Cakery shopper insight AU -> 6",
                "search:serper:Jillian's Cakery retail distribution Australia -> 6",
                "search:serper:The Wicked Sisters vs Jillian's Cakery -> 6",
                "search:serper:The Wicked Sisters and Jillian's Cakery market share -> 6",
                "search:serper:The Wicked Sisters Jillian's Cakery comparison Australia -> 6",
                "search:serper:Belle Fleur brand overview AU -> 6",
                "search:serper:Belle Fleur chilled dessert brand Australia -> 6",
                "search:serper:Belle Fleur shopper insight AU -> 6",
                "search:serper:Belle Fleur retail distribution Australia -> 6",
                "search:serper:The Wicked Sisters vs Belle Fleur -> 6",
                "search:serper:The Wicked Sisters and Belle Fleur market share -> 6",
                "search:serper:The Wicked Sisters Belle Fleur comparison Australia -> 6",
                "search:serper:Beak & Johnston brand overview AU -> 6",
                "search:serper:Beak & Johnston chilled dessert brand Australia -> 6",
                "search:serper:Beak & Johnston shopper insight AU -> 6",
                "search:serper:Beak & Johnston retail distribution Australia -> 6",
                "search:serper:The Wicked Sisters vs Beak & Johnston -> 6",
                "search:serper:The Wicked Sisters and Beak & Johnston market share -> 6",
                "search:serper:The Wicked Sisters Beak & Johnston comparison Australia -> 6",
                "search:serper:Carman's brand overview AU -> 6",
                "search:serper:Carman's chilled dessert brand Australia -> 6",
                "search:serper:Carman's shopper insight AU -> 6",
                "search:serper:Carman's retail distribution Australia -> 6",
                "search:serper:The Wicked Sisters vs Carman's -> 6",
                "search:serper:The Wicked Sisters and Carman's market share -> 6",
                "search:serper:The Wicked Sisters Carman's comparison Australia -> 6",
                "search:serper:Pauls PLUS+ brand overview AU -> 6",
                "search:serper:Pauls PLUS+ chilled dessert brand Australia -> 6",
                "search:serper:Pauls PLUS+ shopper insight AU -> 6",
                "search:serper:Pauls PLUS+ retail distribution Australia -> 6",
                "search:serper:The Wicked Sisters vs Pauls PLUS+ -> 6",
                "search:serper:The Wicked Sisters and Pauls PLUS+ market share -> 6",
                "editorial:success",
                "catType=GENERIC",
                "liquorSub=UNKNOWN",
                "assured=false",
                "promos_collected=83",
                "benchmarks={\"heroPrize\":{\"median\":35.5,\"mode\":1},\"cadenceShare\":{\"instant\":0.35294117647058826,\"weekly\":0.23529411764705882,\"daily\":0.4117647058823529},\"manyWinnersShare\":0,\"prizeCountsObserved\":{\"total\":10,\"common\":[{\"count\":1,\"share\":0.2},{\"count\":150,\"share\":0.2},{\"count\":3,\"share\":0.1}]},\"recommendedHeroCount\":3,\"positionVsMarket\":\"UNKNOWN\"}"
              ],
              "cachedAt": "2025-11-01T07:36:39.136Z"
            },
            "insights": {
              "brand": [
                {
                  "text": "Wicked Sister x Wicked ‚Äî Purchase any two packs of Wicked Sister Products for your chance to instantly win a movie ticket!",
                  "source": "wickedsisterwin.com.au"
                },
                {
                  "text": "FAQs - Wicked Sister x Wicked ‚Äî Buy any 2 packs of Wicked Sister products in one transaction from a Woolworths store during the Woolworths Exclusive promotion period. Then go ...",
                  "source": "wickedsisterwin.com.au"
                },
                {
                  "text": "Wicked Sister: Home Page ‚Äî Enjoy wickedly delicious desserts designed for everyday indulgence by Wicked Sister. Explore our wicked range, try recipes and find stockists here.",
                  "source": "wickedsister.com.au"
                }
              ],
              "audience": [
                {
                  "text": "Wicked Sister goes 'For Good' with new Wicked-inspired ... ‚Äî Chilled dessert brand Wicked Sister has launched limited-edition dessert pots inspired by Wicked: For Good film set to premiere next month.",
                  "source": "insidefmcg.com.au"
                },
                {
                  "text": "Paul Polly from Wicked Sister | Determined to succeed ‚Äî This is the story of Paul Polly and Wicked Sister desserts. Learn how he went from one pot to a $12 million factory.",
                  "source": "nab.com.au"
                },
                {
                  "text": "Wicked Sister bulks up protein pudding pack size ‚Äî With 15 grams of protein per serving and available in chocolate, strawberry, banana, along with a new vanilla flavour, these join the wider 170 ...",
                  "source": "foodanddrinkbusiness.com.au"
                }
              ],
              "retailers": [
                {
                  "text": "Shop Wicked Sister Products Online ‚Äî Spend $20 in one transaction, scan your Flybuys and receive one bonus ... Coles Online - Hawthorn East, Victoria Australia 3123 ¬© Copyright Coles 2025 ...",
                  "source": "coles.com.au"
                },
                {
                  "text": "Shop Wicked Products Online ‚Äî Wicked Sister High Protein Chocolate Pudding | 170g. Wicked Sister High Protein Chocolate Pudding | 170g. $3.30. $1.94 per 100g.",
                  "source": "coles.com.au"
                },
                {
                  "text": "Shop Wicked Sister Products Online ‚Äî Shop your way at Coles. Our range of Wicked Sister products at everyday low prices you know and trust. Shop online and get home delivery or click and ...",
                  "source": "coles.com.au"
                },
                {
                  "text": "Browse Frozen Desserts ‚Äî Frozen Desserts ; Sara Lee Lemon Cheesecake | 410g ¬∑ $2.20 per 100g ; Sara Lee Frozen Chocolate Buttercake | 350g ¬∑ $2.57 per 100g ; Sara Lee ...",
                  "source": "coles.com.au"
                }
              ],
              "market": [
                {
                  "text": "Bridging the gap: Trends and challenges in grocery and retail ‚Äî With consumers increasingly seeking convenience, food-to-go and meal solutions are becoming increasingly popular. While many grocery retailers ...",
                  "source": "retail.org.au"
                },
                {
                  "text": "Supermarkets and Grocery Stores in Australia ‚Äî Trends and Insights ¬∑ ACCC's supermarket inquiry has highlighted key industry dynamics. ¬∑ Changing consumer trends are causing a shift in store product mixes.",
                  "source": "ibisworld.com"
                },
                {
                  "text": "Australian Retail Outlook 2025 ‚Äî Retail sector trends and insights for 2025, including digital evolution, customer experience, sustainability and supply chain optimisation.",
                  "source": "kpmg.com"
                }
              ],
              "signals": [
                {
                  "text": "Client: Wicked Sister",
                  "source": "brief"
                },
                {
                  "text": "Brand: Wicked Sister",
                  "source": "brief"
                },
                {
                  "text": "Campaign objective: Drive two-pack purchases and capture opted-in dessert fans before the Wicked film release.",
                  "source": "brief"
                },
                {
                  "text": "Promotion type: INSTANT_WIN",
                  "source": "brief"
                }
              ],
              "competitors": [
                {
                  "text": "Brief competitor: Streets",
                  "source": "brief"
                },
                {
                  "text": "Rokeby Farms Chocolate Protein Smoothie 6 x 425ml ‚Äî Rokeby Farms Chocolate Protein Smoothie 6 x 425ml is a protein drink providing all 9 essential amino acids while providing sustained energy and fullness.",
                  "source": "costco.com.au"
                },
                {
                  "text": "Rokeby Farms ‚Äî All Rokeby Farms products are now available with Subscribe & Save ¬∑ Enjoy 5% off on every recurring order!",
                  "source": "bulkeatswarehouse.com.au"
                },
                {
                  "text": "Rokeby Nutrition ‚Äî Rokeby is a nutrition food company based in Melbourne. We make a range of award-winning dairy products to enjoy as part of a healthy lifestyle.",
                  "source": "rokebynutrition.com"
                }
              ]
            },
            "dossier": {
              "brandTruths": [
                {
                  "text": "Wicked Sister is leveraging the excitement of the upcoming 'Wicked: For Good' film by launching a limited-edition dessert pot range, aiming to drive consumer engagement through a movie-themed promotion.",
                  "source": "insidefmcg.com.au"
                },
                {
                  "text": "The brand's promotion offers an instant win mechanic, where purchasing two packs of Wicked Sister products gives consumers a chance to win movie tickets, effectively incentivizing multi-pack purchases.",
                  "source": "wickedsisterwin.com.au"
                }
              ],
              "shopperTensions": [
                {
                  "text": "Consumers are increasingly seeking convenience and indulgence, yet face cost-of-living pressures that may limit discretionary spending on premium desserts.",
                  "source": "retail.org.au"
                },
                {
                  "text": "While Wicked Sister positions itself as an everyday indulgence, the need to balance health-conscious choices with indulgence may create tension for health-aware consumers.",
                  "source": "wickedsister.com.au"
                }
              ],
              "retailerReality": [
                {
                  "text": "Coles and Woolworths dominate the retail landscape, with exclusive promotions like the Wicked Sister x Wicked campaign running through Woolworths, highlighting the retailer's clout in driving brand visibility.",
                  "source": "coles.com.au"
                },
                {
                  "text": "Freezer congestion in major supermarkets can limit shelf space for new product launches, making strategic partnerships with retailers crucial for visibility.",
                  "source": "woolworths.com.au"
                }
              ],
              "competitorMoves": [
                {
                  "text": "Rokeby Farms is expanding its product range with high-protein offerings, appealing to health-conscious consumers and potentially diverting attention from indulgent dessert options.",
                  "source": "rokebynutrition.com"
                },
                {
                  "text": "Competitors like Streets continue to maintain strong market presence, emphasizing the need for Wicked Sister to differentiate through unique promotions and partnerships.",
                  "source": "brief"
                }
              ],
              "categorySignals": [
                {
                  "text": "The frozen desserts market is projected to grow significantly, with a CAGR of approximately 5.4% from 2024 to 2034, indicating a robust opportunity for brands like Wicked Sister to capture market share.",
                  "source": "globalinsightservices.com"
                },
                {
                  "text": "The Australian ice cream market is expected to grow at a slower pace, with a 1.51% CAGR, suggesting that innovation and unique marketing strategies will be key to driving growth in the frozen dessert segment.",
                  "source": "expertmarketresearch.com.au"
                }
              ],
              "benchmarks": []
            }
          },
          "benchmarks": {
            "cashback": {
              "sample": 0,
              "typicalAbs": null,
              "maxAbs": null,
              "typicalPct": null,
              "maxPct": null,
              "sources": []
            },
            "prizeCountsObserved": {
              "total": 0,
              "common": []
            },
            "recommendedHeroCount": 3,
            "cashbackIsCompetitive": "UNKNOWN"
          },
          "authoritative": {
            "assured_value": false,
            "has_major_prize": false,
            "prize_presence": "BREADTH_ONLY",
            "instant_win": true
          },
          "breadth_prize": {
            "count": 2010,
            "labelHint": "~17 winners a day"
          },
          "handoff": {
            "research_provided": true,
            "do_not_research": true,
            "prohibitions": []
          }
        },
        "codeVersion": "framing.v2",
        "kind": "framing.v2"
      },
      "metaFull": {
        "kind": "framing.v2",
        "behavioural_objective": "Drive two-pack purchases and capture opted-in dessert fans before the Wicked film release.",
        "tensions": [
          "Convenience vs indulgence",
          "Cost-of-living pressures",
          "Health-conscious choices"
        ],
        "audience": {
          "mindsets": [
            {
              "name": "Family Builders",
              "job": "Reward the family with purposeful treats that feel magical but still practical."
            }
          ]
        },
        "category_competition": {
          "tropes_to_avoid": [
            "Generic movie tie-ins"
          ],
          "spaces_to_own": [
            "Instant win excitement",
            "Family movie night"
          ]
        },
        "market_facts": [],
        "idea_core": [
          "Instantly win movie tickets",
          "Celebrate family movie nights"
        ],
        "proposition_candidates": [
          "Instant win excitement",
          "Family movie night magic"
        ],
        "hooks": [
          "Win a Movie Ticket Instantly",
          "Celebrate with Wicked Sister"
        ],
        "reasons_to_believe": [
          "Wicked Sister's indulgent desserts",
          "Exciting movie tie-in"
        ],
        "improvement_hypotheses": [
          "If reward is single-admit (e.g., one ticket), test pairing (two passes) to enable shared experience without inflating perceived cost.",
          "Default to a double pass so no one goes alone; optionally test Family or Gold Class tiers.",
          "Test a tight hero overlay (3 winners) aligned to the IP theme; keep breadth and cadence visible.",
          "Add a symbolic prize to enhance brand connection",
          "Highlight total winners to improve perceived odds"
        ],
        "prize_map": {
          "items": [
            "[object Object]"
          ],
          "has_symbolic_prize": false
        },
        "brand_truths": [
          "Wicked Sister offers everyday indulgence",
          "Aligns with family movie nights"
        ],
        "distinctive_assets": {
          "visual": [
            "Wicked Sister logo",
            "Movie-themed packaging"
          ],
          "verbal": [
            "Indulgent desserts",
            "Family rewards"
          ],
          "ritual": [
            "Sharing desserts during movie nights"
          ]
        },
        "category_codes": {
          "lean": [
            "Instant win promotions",
            "Family-focused marketing"
          ],
          "break": [
            "Complex entry mechanics",
            "Single mega-prizes"
          ]
        },
        "tone_of_voice": {
          "do": [
            "Be playful",
            "Emphasize excitement"
          ],
          "dont": [
            "Be overly complex",
            "Use technical jargon"
          ]
        },
        "non_negotiables": [
          "Instant win mechanic",
          "Movie ticket prize"
        ],
        "offer_iq": {
          "score": 4.9,
          "verdict": "REVIEW",
          "confidence": 0.45,
          "lenses": {
            "adequacy": {
              "score": 4.5,
              "why": "Expected buyers/entries not provided; adequacy judged via cadence and visibility.",
              "fix": "Add: expected buyers/entries and total winners, or show ‚ÄúTotal winners‚Äù and cadence in communications."
            },
            "simplicity": {
              "score": 6.5,
              "why": "Some admin implied (fields/proof or wait time).",
              "fix": "Keep claim one-screen; limit fields; good OCR; publish timelines."
            },
            "certainty": {
              "score": 4,
              "why": "Perceived odds unclear; cadence thin.",
              "fix": "Show cadence and ‚ÄúTotal winners‚Äù; avoid fine print that hides odds."
            },
            "salience": {
              "score": 4,
              "why": "Needs a visible moment or total-winners headline.",
              "fix": "Publish ‚ÄúTotal winners‚Äù and name the cadence; add a bold moment line."
            },
            "talkability": {
              "score": 5,
              "why": "Seasonal hook helps.",
              "fix": "Add a brand-right experiential or symbolic angle."
            },
            "retailerFit": {
              "score": 6,
              "why": "Ensure any adjudication is central; ship pre-packed POS.",
              "fix": "Keep staff script ‚â§5s; no in-store adjudication."
            },
            "brandFit": {
              "score": 5,
              "why": "Feels generic; weak brand lock.",
              "fix": "Lock line and visuals to distinctive assets and the brand‚Äôs functional truth."
            }
          },
          "hardFlags": [],
          "recommendations": [
            "Add: expected buyers/entries and total winners, or show ‚ÄúTotal winners‚Äù and cadence in communications.",
            "Keep claim one-screen; limit fields; good OCR; publish timelines.",
            "Publish ‚ÄúTotal winners‚Äù and name the cadence; add a bold moment line.",
            "Publish ‚ÄúTotal winners‚Äù and show cadence prominently."
          ],
          "asks": [
            "Provide expected buyers/entries (range)."
          ],
          "mode": "PRIZE",
          "diagnostics": {
            "valueAmount": 0,
            "aspAnchor": 100,
            "expectedBuyers": null,
            "totalWinners": 2010,
            "coverageRate": null,
            "cadenceSignals": false,
            "symbolicSignals": false,
            "headlineMax": 0,
            "banded": false,
            "overlay": false,
            "overlayExperiential": false,
            "overlayLabel": "",
            "researchBenchmarks": null,
            "cashbackVsMarket": "UNKNOWN",
            "heroVsMarket": "UNKNOWN"
          }
        },
        "research": {
          "brand": {
            "query": "The Wicked Sisters",
            "summary": "The Wicked Sisters is a Russian fairy tale collected by Alexander Afanasyev in Narodnye russkie skazki.",
            "facts": [
              {
                "claim": "Wicked Sister x Wicked ‚Äî Purchase any two packs of Wicked Sister Products for your chance to instantly win a movie ticket!",
                "source": "Source: wickedsisterwin.com.au (https://wickedsisterwin.com.au/)"
              },
              {
                "claim": "FAQs - Wicked Sister x Wicked ‚Äî Buy any 2 packs of Wicked Sister products in one transaction from a Woolworths store during the Woolworths Exclusive promotion period. Then go ...",
                "source": "Source: wickedsisterwin.com.au (https://wickedsisterwin.com.au/faq)"
              },
              {
                "claim": "Wicked Sister: Home Page ‚Äî Enjoy wickedly delicious desserts designed for everyday indulgence by Wicked Sister. Explore our wicked range, try recipes and find stockists here.",
                "source": "Source: wickedsister.com.au (https://www.wickedsister.com.au/)"
              }
            ]
          },
          "audience": {
            "notes": "Primary grocery buyers ‚Ä¢ They reward the family with purposeful treats that feel magical but still practical. ‚Ä¢ Plans movie nights, shares dessert finds on social, responds to retailer app notifications.",
            "facts": [
              {
                "claim": "Wicked Sister goes 'For Good' with new Wicked-inspired ... ‚Äî Chilled dessert brand Wicked Sister has launched limited-edition dessert pots inspired by Wicked: For Good film set to premiere next month.",
                "source": "Source: insidefmcg.com.au (https://insidefmcg.com.au/2025/10/13/wicked-sister-goes-for-good-with-new-wicked-inspired-desserts/)"
              },
              {
                "claim": "Paul Polly from Wicked Sister | Determined to succeed ‚Äî This is the story of Paul Polly and Wicked Sister desserts. Learn how he went from one pot to a $12 million factory.",
                "source": "Source: nab.com.au (https://www.nab.com.au/business/small-business/moments/business-progress/wickedsister)"
              },
              {
                "claim": "Wicked Sister bulks up protein pudding pack size ‚Äî With 15 grams of protein per serving and available in chocolate, strawberry, banana, along with a new vanilla flavour, these join the wider 170 ...",
                "source": "Source: foodanddrinkbusiness.com.au (https://www.foodanddrinkbusiness.com.au/new-in-store/wicked-sister-bulks-up-protein-pudding-pack-size)"
              }
            ]
          },
          "category": {
            "query": "Frozen dessert",
            "summary": "Frozen dessert is a dessert made by freezing liquids, semi-solids, and sometimes solids. They may be based on flavored water, on fruit pur√©es, on milk and cream, on custard, on mousse (semifreddo), and others. It is sometimes sold as ice-cream in South Asia and other countries.",
            "facts": [
              {
                "claim": "Frozen dessert is a dessert made by freezing liquids, semi-solids, and sometimes solids. They may be based on flavored water, on fruit pur√©es, on milk and cream, on custard, on mousse (semifreddo), and others. It is sometimes sold as ice-cream in South Asia and other countries.",
                "source": "Source: Wikipedia ‚Äî Frozen dessert (https://en.wikipedia.org/wiki/Frozen%20dessert)"
              },
              {
                "claim": "Australia Ice Cream Market Share, Growth & Forecast 2030 ‚Äî The Australia Ice Cream Market is projected to witness a CAGR of 2.95% for the forecast period between 2023 and 2030.",
                "source": "Source: marketsandata.com (https://www.marketsandata.com/industry-reports/australia-ice-cream-market)"
              },
              {
                "claim": "Australia Ice Cream Market Share, Size, Growth Report ‚Äî The Australia ice cream market, valued at AUD 1407.35 million in 2024, is projected to grow at 1.51% CAGR, reaching AUD 1634.90 million by 2034.",
                "source": "Source: expertmarketresearch.com.au (https://www.expertmarketresearch.com.au/reports/australia-ice-cream-market)"
              },
              {
                "claim": "Frozen Desserts Market Size, Growth, Trends and Forecast ‚Äî Frozen Desserts Market is anticipated to expand from $112.9 billion in 2024 to $191.5 billion by 2034, growing at a CAGR of approximately 5.4%.",
                "source": "Source: globalinsightservices.com (https://www.globalinsightservices.com/reports/frozen-desserts-market/)"
              },
              {
                "claim": "Frozen Desserts ‚Äî Frozen Desserts ; $9.00. $2.40 / 100G. Sara Lee Chocolate Swirl Bavarian 375g. Promoted ; $7.20. $9.00 $2.00 / 100G. Sara Lee French Cream Cheesecake 360g. 4.5 / ...Read more",
                "source": "Source: woolworths.com.au (https://www.woolworths.com.au/shop/browse/freezer/frozen-desserts?srsltid=AfmBOor978BnhC9QQ7V61ixEDkNXooZBKeO_izpimvDYa_XMaM_pK2PV)"
              },
              {
                "claim": "Ice Cream Specials & Offers ‚Äî SAVE $1.90. $7.60. $9.50 $0.76 / 100ML. Sanitarium So Good Vanilla Bliss Frozen Dessert 1L. Add to cart. Save to list. 20% Off. SAVE $3.00. $12.00. $15.00 $2.53 ...Read more",
                "source": "Source: woolworths.com.au (https://www.woolworths.com.au/shop/browse/freezer/ice-cream/ice-cream-specials?srsltid=AfmBOopklJhi7Q-ODSy445CW1x4bWiwbCJfR-Bf19Nz6h5iPuw5p1RoP)"
              }
            ]
          },
          "competitors": {
            "names": [
              "Rokeby Farms",
              "Priestley‚Äôs Gourmet Delights",
              "Jillian's Cakery",
              "Belle Fleur",
              "Beak & Johnston",
              "Carman's",
              "Pauls PLUS+",
              "Chobani",
              "Sara Lee",
              "Streets",
              "Ferrero Australia",
              "Gelatissimo"
            ],
            "facts": [
              {
                "claim": "Brief competitor: Streets",
                "source": "Source: brief"
              },
              {
                "claim": "Rokeby Farms Chocolate Protein Smoothie 6 x 425ml ‚Äî Rokeby Farms Chocolate Protein Smoothie 6 x 425ml is a protein drink providing all 9 essential amino acids while providing sustained energy and fullness.",
                "source": "Source: costco.com.au (https://www.costco.com.au/Business-Delivery/Beverages/Other-Drinks/Rokeby-Farms-Chocolate-Protein-Smoothie-6-x-425ml/p/163543_BD)"
              },
              {
                "claim": "Rokeby Farms ‚Äî All Rokeby Farms products are now available with Subscribe & Save ¬∑ Enjoy 5% off on every recurring order!",
                "source": "Source: bulkeatswarehouse.com.au (https://bulkeatswarehouse.com.au/collections/rokeby-farms?srsltid=AfmBOor6oarDx_IPDf159c9EL9eQwXX8n14gx1vpjMrGlr10qZ4zQgwm)"
              },
              {
                "claim": "Rokeby Nutrition ‚Äî Rokeby is a nutrition food company based in Melbourne. We make a range of award-winning dairy products to enjoy as part of a healthy lifestyle.",
                "source": "Source: rokebynutrition.com (https://rokebynutrition.com/)"
              },
              {
                "claim": "ROKEBY FARM Archives ‚Äî ROKEBY FARM offers Bold Brew drinks in flavors like Double Shot, Iced Mocha, and Iced Latte, and Protein Smoothies in flavors like Banana Honey & Cinnamon, ...",
                "source": "Source: coast2coastdistributors.com.au (https://coast2coastdistributors.com.au/product-category/alternate-flavoured-milks/rokeby-farm-alternate-flavoured-milks/)"
              },
              {
                "claim": "Shop Rokeby Products Online ‚Äî Shop your way at Coles. Our range of Rokeby products at everyday low prices you know and trust. Shop online and get home delivery or ...",
                "source": "Source: coles.com.au (https://www.coles.com.au/brands/rokeby-811816065?srsltid=AfmBOop9dnVgblMzb0AKajWg_OilDB9BIOzgQmQXynZr2Vt3zHlm3A-e)"
              },
              {
                "claim": "Rokeby Farms Protein Smoothie - Dutch Chocolate ‚Äî $4.95. Rokeby Farms Whole Protein Smoothie! Loaded with real cocoa for natural chocolate goodness. Ingredients: Filtered low fat milk, cane sugar, cream, dutch ...",
                "source": "Source: athletesnutrition.com.au (https://athletesnutrition.com.au/products/copy-of-rokeby-farms-protein-smoothie-banana-honey-cinnamon?srsltid=AfmBOopwuArEAMTQsdUswAhgf4qe8xQLZ0MEHrJwVeh5quVK1ZxLYReF)"
              },
              {
                "claim": "üéâüéâ COMPETITION: To share some smoothie love we are ... ‚Äî COMPETITION: To share some smoothie love we are giving away one lucky Rokeby Farms fan a year's supply of our smoothies! To enter: 1. Like ...",
                "source": "Source: instagram.com (https://www.instagram.com/p/CTTJ7b1PNIQ/)"
              },
              {
                "claim": "Competition/Antitrust & Consumer ‚Äî acquisition of a 45% interest in the Made Group (owners of the Cocobella, Rokeby Farms, Impressed Juice and Nutrient Water brands), together with its bottler, ...",
                "source": "Source: addisons.com (https://addisons.com/capabilities/competition-consumer-antitrust/)"
              },
              {
                "claim": "Our brands ‚Äî Rokeby is a functional dairy brand offering a range of high quality products that deliver natural straight-up nutrition to smartly power active people through ...",
                "source": "Source: madegroup.com (https://www.madegroup.com/our-brands)"
              },
              {
                "claim": "About Rokeby ‚Äî Rokeby products are naturally high in protein, made from fresh locally sourced milk and trusted quality ingredients, to help you smartly power through your day.",
                "source": "Source: rokebynutrition.com (https://rokebynutrition.com/pages/about-rokeby)"
              },
              {
                "claim": "Rokeby Farms: Premium protein driving significant growth ‚Äî Rokeby Farms innovative Whole Protein Breakfast Smoothies are made with fresh, cold-filtered milk that contains twice the protein of regular milk and no added ...",
                "source": "Source: c-store.com.au (https://www.c-store.com.au/rokeby-farms-premium-protein-driving-significant-growth/)"
              }
            ],
            "promos": [
              {
                "brand": "ROKEBYNUTRITION",
                "url": "https://rokebynutrition.com/",
                "source": "Source: rokebynutrition.com (https://rokebynutrition.com/)",
                "title": "Rokeby Nutrition",
                "headline": "Rokeby is a nutrition food company based in Melbourne. We make a range of award-winning dairy products to enjoy as part of a healthy lifestyle.",
                "type": "PRIZE",
                "heroCount": null,
                "totalWinners": null,
                "cadence": null,
                "prizeItems": [
                  "car",
                  "data",
                  "tv"
                ],
                "prizeValueHint": null,
                "confidence": 0.6,
                "viaRedemption": false,
                "giftCard": null
              },
              {
                "brand": "RMHHOMELOTTERY",
                "url": "https://www.rmhhomelottery.com.au/pdfs/rmh-mel-2025-2-winners-FA.pdf",
                "source": "Source: rmhhomelottery.com.au (https://www.rmhhomelottery.com.au/pdfs/rmh-mel-2025-2-winners-FA.pdf)",
                "title": "Congratulations",
                "headline": "Congratulations to our. $5.3M Grand Prize winner! Rowena of Swifts Creek (#10134243) has won this fully furnished home in Camberwell. Win big ...",
                "type": "PRIZE",
                "heroCount": null,
                "totalWinners": null,
                "cadence": null,
                "prizeItems": [
                  "data",
                  "tv",
                  "car",
                  "cash",
                  "holiday"
                ],
                "prizeValueHint": "$39",
                "confidence": 0.6,
                "viaRedemption": false,
                "giftCard": null
              },
              {
                "brand": "ADDISONS",
                "url": "https://addisons.com/capabilities/competition-consumer-antitrust/",
                "source": "Source: addisons.com (https://addisons.com/capabilities/competition-consumer-antitrust/)",
                "title": "Competition/Antitrust &amp; Consumer | Addisons | Sydney Law Firm",
                "headline": "Competition/Antitrust &#038; Consumer",
                "type": "PRIZE",
                "heroCount": null,
                "totalWinners": null,
                "cadence": null,
                "prizeItems": [
                  "car",
                  "data",
                  "plan"
                ],
                "prizeValueHint": "$534",
                "confidence": 0.6,
                "viaRedemption": false,
                "giftCard": null
              },
              {
                "brand": "DIAA",
                "url": "https://diaa.asn.au/wp-content/uploads/2019_DIAA_Vic_Results.pdf",
                "source": "Source: diaa.asn.au (https://diaa.asn.au/wp-content/uploads/2019_DIAA_Vic_Results.pdf)",
                "title": "DIAA Victorian Dairy Product Competition",
                "headline": "Rokeby Farms Whole Protein Smoothie. Chocolate. 17.00. Bulla Dairy Foods. Bulla ... Victorian Dairy Product Competitions visit: www.diaa.asn.au. Dairy Industry.",
                "type": "PRIZE",
                "heroCount": null,
                "totalWinners": null,
                "cadence": null,
                "prizeItems": [
                  "data",
                  "tv",
                  "car"
                ],
                "prizeValueHint": "$06",
                "confidence": 0.6,
                "viaRedemption": false,
                "giftCard": null
              },
              {
                "brand": "FOODANDDRINKBUSINESS",
                "url": "https://www.foodanddrinkbusiness.com.au/news/rethinking-the-white-drink",
                "source": "Source: foodanddrinkbusiness.com.au (https://www.foodanddrinkbusiness.com.au/news/rethinking-the-white-drink)",
                "title": "Rethinking the white drink - Food &amp; Drink Business",
                "headline": "Rethinking the white drink",
                "type": "PRIZE",
                "heroCount": null,
                "totalWinners": null,
                "cadence": null,
                "prizeItems": [
                  "data",
                  "car",
                  "plan",
                  "tv"
                ],
                "prizeValueHint": null,
                "confidence": 0.6,
                "viaRedemption": false,
                "giftCard": null
              },
              {
                "brand": "Rokeby Farms",
                "url": "https://www.retailbiz.com.au/offline-retailing/rokeby-farms-premium-protein-driving-significant-growth/",
                "source": "Source: retailbiz.com.au (https://www.retailbiz.com.au/offline-retailing/rokeby-farms-premium-protein-driving-significant-growth/)",
                "title": "Rokeby Farms: Premium protein driving significant growth - retailbiz",
                "headline": "Rokeby Farms sources fresh milk from a selection of farms located in Victoria, which is then delivered to its new manufacturing facility located ...",
                "type": "PRIZE",
                "heroCount": null,
                "totalWinners": null,
                "cadence": null,
                "prizeItems": [
                  "car",
                  "data",
                  "plan",
                  "plans",
                  "tv"
                ],
                "prizeValueHint": "$10",
                "confidence": 0.6,
                "viaRedemption": false,
                "giftCard": null
              },
              {
                "brand": "WHATSINSEASON",
                "url": "https://www.whatsinseason.com.au/blog/turn-fries-into-cash-win-200k/",
                "source": "Source: whatsinseason.com.au (https://www.whatsinseason.com.au/blog/turn-fries-into-cash-win-200k/)",
                "title": "Turn Fries into Cash - Win $200K - Welcome - InSeason",
                "headline": "Turn Fries into Cash &#8211; Win $200K",
                "type": "PRIZE",
                "heroCount": null,
                "totalWinners": null,
                "cadence": "weekly",
                "prizeItems": [
                  "data",
                  "cash",
                  "car",
                  "tv"
                ],
                "prizeValueHint": "$200",
                "confidence": 0.6,
                "viaRedemption": false,
                "giftCard": null
              },
              {
                "brand": "PRIESTLEYS-GOURMET",
                "url": "https://www.priestleys-gourmet.com.au/",
                "source": "Source: priestleys-gourmet.com.au (https://www.priestleys-gourmet.com.au/)",
                "title": "Wholesale Cakes, Desserts &amp; Baked Goods for Cafes &amp; Businesses | Priestley&#039;s Gourmet Delights",
                "headline": "Homepage #New",
                "type": "PRIZE",
                "heroCount": null,
                "totalWinners": null,
                "cadence": null,
                "prizeItems": [
                  "data",
                  "car",
                  "tv",
                  "trip"
                ],
                "prizeValueHint": null,
                "confidence": 0.6,
                "viaRedemption": false,
                "giftCard": null
              },
              {
                "brand": "GOURMET-DELIGHTS",
                "url": "https://gourmet-delights.com.au/",
                "source": "Source: gourmet-delights.com.au (https://gourmet-delights.com.au/)",
                "title": "Gourmet Delights &#8211; A Little Bite of Heaven.",
                "headline": "Your perfect partner for me time moments.",
                "type": "PRIZE",
                "heroCount": null,
                "totalWinners": null,
                "cadence": null,
                "prizeItems": [
                  "data",
                  "car"
                ],
                "prizeValueHint": null,
                "confidence": 0.6,
                "viaRedemption": false,
                "giftCard": null
              },
              {
                "brand": "PRIESTLEYS-GOURMET",
                "url": "https://www.priestleys-gourmet.com.au/blog",
                "source": "Source: priestleys-gourmet.com.au (https://www.priestleys-gourmet.com.au/blog)",
                "title": "Priestley&#039;s Blog | Priestley&#039;s Gourmet Delights",
                "headline": "Priestley&#8217;s Blog",
                "type": "PRIZE",
                "heroCount": null,
                "totalWinners": null,
                "cadence": null,
                "prizeItems": [
                  "data",
                  "car",
                  "tv",
                  "holiday",
                  "trip"
                ],
                "prizeValueHint": null,
                "confidence": 0.6,
                "viaRedemption": false,
                "giftCard": null
              },
              {
                "brand": "PRIESTLEYS-GOURMET",
                "url": "https://www.priestleys-gourmet.com.au/insight/podcasts",
                "source": "Source: priestleys-gourmet.com.au (https://www.priestleys-gourmet.com.au/insight/podcasts)",
                "title": "Podcasts | Priestley&#039;s Gourmet Delights",
                "headline": "Podcasts",
                "type": "PRIZE",
                "heroCount": null,
                "totalWinners": null,
                "cadence": null,
                "prizeItems": [
                  "data",
                  "car",
                  "tv",
                  "trip"
                ],
                "prizeValueHint": null,
                "confidence": 0.6,
                "viaRedemption": false,
                "giftCard": null
              },
              {
                "brand": "COURIERMAIL",
                "url": "https://www.couriermail.com.au/news/national/back-australia/how-priestleys-gourmet-delights-thrives-with-automation-while-supporting-more-australian-jobs/news-story/9b8e562ce4d2b5c64e80fb04cd3c62b2",
                "source": "Source: couriermail.com.au (https://www.couriermail.com.au/news/national/back-australia/how-priestleys-gourmet-delights-thrives-with-automation-while-supporting-more-australian-jobs/news-story/9b8e562ce4d2b5c64e80fb04cd3c62b2)",
                "title": "No Cookies | The Courier Mail",
                "headline": "No Cookies",
                "type": "PRIZE",
                "heroCount": null,
                "totalWinners": null,
                "cadence": null,
                "prizeItems": [
                  "car",
                  "data",
                  "plan",
                  "tv"
                ],
                "prizeValueHint": null,
                "confidence": 0.6,
                "viaRedemption": false,
                "giftCard": null
              },
              {
                "brand": "Jillian's Cakery",
                "url": "https://www.easyweddings.com.au/WeddingCakes/Sydney/JilliansCakery/",
                "source": "Source: easyweddings.com.au (https://www.easyweddings.com.au/WeddingCakes/Sydney/JilliansCakery/)",
                "title": "Jillian&#39;s Cakery - Wedding Cakes Surry Hills | Easy Weddings",
                "headline": "Jillian&#39;s Cakery",
                "type": "PRIZE",
                "heroCount": null,
                "totalWinners": null,
                "cadence": null,
                "prizeItems": [
                  "data",
                  "tv",
                  "car",
                  "plan",
                  "cash"
                ],
                "prizeValueHint": null,
                "confidence": 0.6,
                "viaRedemption": false,
                "giftCard": null
              },
              {
                "brand": "Jillian's Cakery",
                "url": "https://www.sydneycakery.com.au/product/jillians-cakery-online-gift-card-redeemable-online-only/",
                "source": "Source: sydneycakery.com.au (https://www.sydneycakery.com.au/product/jillians-cakery-online-gift-card-redeemable-online-only/)",
                "title": "Jillian&#039;s Cakery Online Gift Card (redeemable online only) &#183; Sydney Cakery",
                "headline": "Jillian&#8217;s Cakery Online Gift Card (redeemable online only)",
                "type": "PRIZE",
                "heroCount": null,
                "totalWinners": null,
                "cadence": null,
                "prizeItems": [
                  "gift card",
                  "car",
                  "data",
                  "tv",
                  "trip",
                  "plan",
                  "cash",
                  "giftcard"
                ],
                "prizeValueHint": "$10",
                "confidence": 0.6,
                "viaRedemption": false,
                "giftCard": null
              },
              {
                "brand": "THATGIRLFROMSYDNEY",
                "url": "https://thatgirlfromsydney.com/2020/02/27/who-is-jillian-and-what-does-she-do/",
                "source": "Source: thatgirlfromsydney.com (https://thatgirlfromsydney.com/2020/02/27/who-is-jillian-and-what-does-she-do/)",
                "title": "Who Is Jillian And What Does She Do? &#8211; That Girl from Sydney",
                "headline": "Who Is Jillian And What Does She&nbsp;Do?",
                "type": "PRIZE",
                "heroCount": null,
                "totalWinners": null,
                "cadence": null,
                "prizeItems": [
                  "car",
                  "data",
                  "plan",
                  "tv"
                ],
                "prizeValueHint": null,
                "confidence": 0.6,
                "viaRedemption": false,
                "giftCard": null
              },
              {
                "brand": "Jillian's Cakery",
                "url": "https://www.theurbanlist.com/sydney/directory/jillian-s-cakery",
                "source": "Source: theurbanlist.com (https://www.theurbanlist.com/sydney/directory/jillian-s-cakery)",
                "title": "Jillian's Cakery | URBAN LIST SYDNEY",
                "headline": "Jillian‚Äôs Cakery",
                "type": "PRIZE",
                "heroCount": null,
                "totalWinners": null,
                "cadence": null,
                "prizeItems": [
                  "tv",
                  "data",
                  "car"
                ],
                "prizeValueHint": null,
                "confidence": 0.6,
                "viaRedemption": false,
                "giftCard": null
              },
              {
                "brand": "YOUTUBE",
                "url": "https://www.youtube.com/c/jillianbutler",
                "source": "Source: youtube.com (https://www.youtube.com/c/jillianbutler)",
                "title": "Jillian Butler - YouTube",
                "headline": "I started a successful cake shop in Sydney called Jillian's Cakery that I ran for 7 years and there were lots of lessons that I learned along the way. Now ...",
                "type": "PRIZE",
                "heroCount": null,
                "totalWinners": null,
                "cadence": null,
                "prizeItems": [
                  "data",
                  "tv",
                  "car"
                ],
                "prizeValueHint": null,
                "confidence": 0.6,
                "viaRedemption": false,
                "giftCard": null
              },
              {
                "brand": "Belle Fleur",
                "url": "https://bellefleur.com.au/",
                "source": "Source: bellefleur.com.au (https://bellefleur.com.au/)",
                "title": "Homepage | Belle Fleur Fine Chocolates | Chocolate Sydney",
                "headline": "Handmade chocolates that taste sensational. Choose from over 45 traditional and contemporary flavours in-store.Jump to",
                "type": "PRIZE",
                "heroCount": null,
                "totalWinners": null,
                "cadence": null,
                "prizeItems": [
                  "car",
                  "data",
                  "tv",
                  "trip",
                  "gift card"
                ],
                "prizeValueHint": null,
                "confidence": 0.6,
                "viaRedemption": false,
                "giftCard": null
              },
              {
                "brand": "ADAIRS",
                "url": "https://www.adairs.com.au/terms-conditions/competitions/?srsltid=AfmBOoqdmhyAkjp-0mo6YgOOktDktJHmHAKnYF3zeB9uw5Neg7BZ2F6C",
                "source": "Source: adairs.com.au (https://www.adairs.com.au/terms-conditions/competitions/?srsltid=AfmBOoqdmhyAkjp-0mo6YgOOktDktJHmHAKnYF3zeB9uw5Neg7BZ2F6C)",
                "title": "Past Competitions | Adairs",
                "headline": "The 'Draw 3' winner is Edith Pullen. The 'Draw 4' winner is Vibeke Foss. The 'Adairs Kids Fur Cushions & Throw Competition' commenced at 12:00am AEST on the 14 ...Jump to",
                "type": "PRIZE",
                "heroCount": 3,
                "totalWinners": null,
                "cadence": null,
                "prizeItems": [
                  "data",
                  "car",
                  "trip",
                  "plan",
                  "washer",
                  "gift card",
                  "tv",
                  "voucher",
                  "cash"
                ],
                "prizeValueHint": "$30",
                "confidence": 0.6,
                "viaRedemption": false,
                "giftCard": null
              },
              {
                "brand": "RMHHOMELOTTERY",
                "url": "https://www.rmhhomelottery.com.au/on/demandware.static/Sites-RML_MEL-Site/Sites-RML_MEL-Library/-/pdfs/rmh-mel-2025-1-winners-FA-2.pdf",
                "source": "Source: rmhhomelottery.com.au (https://www.rmhhomelottery.com.au/on/demandware.static/Sites-RML_MEL-Site/Sites-RML_MEL-Library/-/pdfs/rmh-mel-2025-1-winners-FA-2.pdf)",
                "title": "Congratulations",
                "headline": "Congratulations to our Early Bird winner! Jeffrey from Bulleen (#008153) has won the half a million Early Bird Prize! EARLY BIRD PRIZE.Jump to",
                "type": "PRIZE",
                "heroCount": null,
                "totalWinners": null,
                "cadence": null,
                "prizeItems": [
                  "data",
                  "tv",
                  "cash",
                  "holiday",
                  "car",
                  "plan"
                ],
                "prizeValueHint": "$39",
                "confidence": 0.6,
                "viaRedemption": false,
                "giftCard": null
              },
              {
                "brand": "ROCKYSHOW",
                "url": "https://www.rockyshow.com.au/Competitions/Animals-Competitions/Horse-Competition-Program",
                "source": "Source: rockyshow.com.au (https://www.rockyshow.com.au/Competitions/Animals-Competitions/Horse-Competition-Program)",
                "title": "Horse Competition Program Rockhampton Show",
                "headline": "Horse Competition Program",
                "type": "PRIZE",
                "heroCount": null,
                "totalWinners": null,
                "cadence": null,
                "prizeItems": [
                  "car",
                  "tv",
                  "data",
                  "plan"
                ],
                "prizeValueHint": null,
                "confidence": 0.6,
                "viaRedemption": false,
                "giftCard": null
              },
              {
                "brand": "BELLEFLEUR",
                "url": "https://bellefleur.com.au/occasions/",
                "source": "Source: bellefleur.com.au (https://bellefleur.com.au/occasions/)",
                "title": "Special Occasions &amp; Events | Belle Fleur Fine Chocolates",
                "headline": "Occasions",
                "type": "PRIZE",
                "heroCount": null,
                "totalWinners": null,
                "cadence": null,
                "prizeItems": [
                  "car",
                  "data",
                  "tv",
                  "trip",
                  "gift card"
                ],
                "prizeValueHint": null,
                "confidence": 0.6,
                "viaRedemption": false,
                "giftCard": null
              },
              {
                "brand": "MARKETINGBEE",
                "url": "https://marketingbee.com.au/sharon-latour-returns-as-a-judge-for-the-2025-australian-web-awards/",
                "source": "Source: marketingbee.com.au (https://marketingbee.com.au/sharon-latour-returns-as-a-judge-for-the-2025-australian-web-awards/)",
                "title": "Sharon Latour Returns as a Judge for the 2025 Australian Web Awards - Marketing Bee",
                "headline": "Sharon Latour Returns as a Judge for the 2025 Australian Web Awards",
                "type": "PRIZE",
                "heroCount": null,
                "totalWinners": null,
                "cadence": null,
                "prizeItems": [
                  "car",
                  "data",
                  "tv"
                ],
                "prizeValueHint": null,
                "confidence": 0.6,
                "viaRedemption": false,
                "giftCard": null
              },
              {
                "brand": "Beak & Johnston",
                "url": "https://www.beakandjohnston.com.au/",
                "source": "Source: beakandjohnston.com.au (https://www.beakandjohnston.com.au/)",
                "title": "Home - Quality Food Manufacturer | Beak &amp; Johnston",
                "headline": "Beak & Johnston is a proudly Australian, privately owned fresh food business with over 39 years of experience delivering innovative, value-added meal solutions.",
                "type": "PRIZE",
                "heroCount": null,
                "totalWinners": null,
                "cadence": null,
                "prizeItems": [
                  "car",
                  "data",
                  "plan"
                ],
                "prizeValueHint": null,
                "confidence": 0.6,
                "viaRedemption": false,
                "giftCard": null
              },
              {
                "brand": "BEAKANDJOHNSTON",
                "url": "https://www.beakandjohnston.com.au/about-us/",
                "source": "Source: beakandjohnston.com.au (https://www.beakandjohnston.com.au/about-us/)",
                "title": "About Us - Quality Food Manufacturer | Beak &amp; Johnston",
                "headline": "Beak & Johnston was founded in 1986 by David Beak, bringing together four generations of global meat industry knowledge.",
                "type": "PRIZE",
                "heroCount": null,
                "totalWinners": null,
                "cadence": null,
                "prizeItems": [
                  "car",
                  "data",
                  "plan"
                ],
                "prizeValueHint": "$15",
                "confidence": 0.6,
                "viaRedemption": false,
                "giftCard": null
              },
              {
                "brand": "BAKINGBUSINESS",
                "url": "https://bakingbusiness.com.au/wp-content/uploads/2019/10/2019-fine-food-catalogue-web.pdf",
                "source": "Source: bakingbusiness.com.au (https://bakingbusiness.com.au/wp-content/uploads/2019/10/2019-fine-food-catalogue-web.pdf)",
                "title": "Sydney Royal Fine Food Show - Baking Business",
                "headline": "It draws from Sydney Royal Champions throughout the year, examines, and celebrates truly inspirational, innovative agricultural food and beverage achievers.",
                "type": "PRIZE",
                "heroCount": null,
                "totalWinners": null,
                "cadence": null,
                "prizeItems": [
                  "data",
                  "tv",
                  "car"
                ],
                "prizeValueHint": "$224",
                "confidence": 0.6,
                "viaRedemption": false,
                "giftCard": null
              },
              {
                "brand": "ISSUU",
                "url": "https://issuu.com/theintermediagroup/docs/c_i_retailing_magazine_august-september_2025",
                "source": "Source: issuu.com (https://issuu.com/theintermediagroup/docs/c_i_retailing_magazine_august-september_2025)",
                "title": "C&amp;amp;I Retailing Magazine August-September 2025 by The Intermedia Group - Issuu",
                "headline": "C&amp;I Retailing Magazine August-September 2025",
                "type": "PRIZE",
                "heroCount": null,
                "totalWinners": null,
                "cadence": null,
                "prizeItems": [
                  "car",
                  "data",
                  "tv",
                  "plans",
                  "plan"
                ],
                "prizeValueHint": "$29",
                "confidence": 0.6,
                "viaRedemption": false,
                "giftCard": null
              },
              {
                "brand": "Beak & Johnston",
                "url": "https://www.accc.gov.au/media-release/woolworths%E2%80%99-proposed-acquisition-of-beak-johnston-not-opposed",
                "source": "Source: accc.gov.au (https://www.accc.gov.au/media-release/woolworths%E2%80%99-proposed-acquisition-of-beak-johnston-not-opposed)",
                "title": "Woolworths‚Äô proposed acquisition of Beak &amp; Johnston not opposed | ACCC",
                "headline": "The ACCC will not oppose Woolworths Group Limited's (ASX:WOW) proposed acquisition of Beak & Johnston Holdings Pty Ltd (B&J).",
                "type": "PRIZE",
                "heroCount": null,
                "totalWinners": null,
                "cadence": null,
                "prizeItems": [
                  "data",
                  "car"
                ],
                "prizeValueHint": null,
                "confidence": 0.6,
                "viaRedemption": false,
                "giftCard": null
              },
              {
                "brand": "Beak & Johnston",
                "url": "https://www.just-food.com/news/woolworths-beak-johnston-deal-approved/",
                "source": "Source: just-food.com (https://www.just-food.com/news/woolworths-beak-johnston-deal-approved/)",
                "title": "ACCC waves through Woolworths‚Äô Beak &amp; Johnston deal",
                "headline": "Australia regulator waves through Woolworths‚Äô Beak &#038; Johnston deal",
                "type": "PRIZE",
                "heroCount": null,
                "totalWinners": null,
                "cadence": null,
                "prizeItems": [
                  "data",
                  "car",
                  "plan",
                  "tv"
                ],
                "prizeValueHint": null,
                "confidence": 0.6,
                "viaRedemption": false,
                "giftCard": null
              },
              {
                "brand": "Beak & Johnston",
                "url": "https://morganenglishlawyers.com.au/morgan-english-advises-beak-johnston-group-on-strategic-sale-to-woolworths/",
                "source": "Source: morganenglishlawyers.com.au (https://morganenglishlawyers.com.au/morgan-english-advises-beak-johnston-group-on-strategic-sale-to-woolworths/)",
                "title": "Morgan + English Advises Beak &amp; Johnston Group on Strategic Sale to Woolworths | Morgan English Lawyers",
                "headline": "Morgan + English Advises Beak &#038; Johnston Group on Strategic Sale to Woolworths",
                "type": "PRIZE",
                "heroCount": null,
                "totalWinners": null,
                "cadence": null,
                "prizeItems": [
                  "data",
                  "car",
                  "cash",
                  "trip",
                  "plan",
                  "tv"
                ],
                "prizeValueHint": null,
                "confidence": 0.6,
                "viaRedemption": false,
                "giftCard": null
              },
              {
                "brand": "Beak & Johnston",
                "url": "https://www.comcom.govt.nz/news-and-media/news-and-events/2025/woolworths-seeks-clearance-to-acquire-beak-and-johnston/",
                "source": "Source: comcom.govt.nz (https://www.comcom.govt.nz/news-and-media/news-and-events/2025/woolworths-seeks-clearance-to-acquire-beak-and-johnston/)",
                "title": "Woolworths seeks clearance to acquire Beak &amp; Johnston | Commerce Commission",
                "headline": "We will give clearance to a proposed merger if we are satisfied that the merger is unlikely to have the effect of substantially lessening ...",
                "type": "PRIZE",
                "heroCount": null,
                "totalWinners": null,
                "cadence": null,
                "prizeItems": [
                  "trip",
                  "car",
                  "data",
                  "plan"
                ],
                "prizeValueHint": null,
                "confidence": 0.6,
                "viaRedemption": false,
                "giftCard": null
              },
              {
                "brand": "Beak & Johnston",
                "url": "https://insideretail.com.au/news/woolworths-seeks-clearance-to-buy-beak-johnston-202501",
                "source": "Source: insideretail.com.au (https://insideretail.com.au/news/woolworths-seeks-clearance-to-buy-beak-johnston-202501)",
                "title": "Woolworths seeks clearance to buy Beak &amp; Johnston - Inside Retail Australia",
                "headline": "Woolworths seeks clearance to buy Beak &amp; Johnston",
                "type": "PRIZE",
                "heroCount": null,
                "totalWinners": null,
                "cadence": null,
                "prizeItems": [
                  "data",
                  "car",
                  "trip"
                ],
                "prizeValueHint": "$110",
                "confidence": 0.6,
                "viaRedemption": false,
                "giftCard": null
              },
              {
                "brand": "Carman's",
                "url": "https://carmanskitchen.com.au/carmans-quarterly-care-package-giveaway-2025/",
                "source": "Source: carmanskitchen.com.au (https://carmanskitchen.com.au/carmans-quarterly-care-package-giveaway-2025/)",
                "title": "Carman‚Äôs Quarterly Care Package Giveaway Terms &amp; Conditions 2025 | Carman's Kitchen",
                "headline": "Carman‚Äôs Quarterly Care Package Giveaway Terms &#038; Conditions 2025",
                "type": "PRIZE",
                "heroCount": null,
                "totalWinners": null,
                "cadence": null,
                "prizeItems": [
                  "data",
                  "car",
                  "plan",
                  "cash",
                  "tv"
                ],
                "prizeValueHint": "$100",
                "confidence": 0.6,
                "viaRedemption": false,
                "giftCard": null
              },
              {
                "brand": "Carman's",
                "url": "https://carmanskitchen.com.au/fun-run-giveaway-terms-conditions/",
                "source": "Source: carmanskitchen.com.au (https://carmanskitchen.com.au/fun-run-giveaway-terms-conditions/)",
                "title": "Carman‚Äôs Fun Run Giveaway Terms &amp; Conditions | Carman's Kitchen",
                "headline": "Carman&#8217;s Fun Run Giveaway Terms &#038; Conditions",
                "type": "PRIZE",
                "heroCount": 1,
                "totalWinners": null,
                "cadence": "instant",
                "prizeItems": [
                  "data",
                  "car",
                  "plan",
                  "voucher",
                  "cash",
                  "tv"
                ],
                "prizeValueHint": "$200",
                "confidence": 0.6,
                "viaRedemption": false,
                "giftCard": null
              },
              {
                "brand": "CARMANSKITCHEN",
                "url": "https://carmanskitchen.com.au/porridge-competition-terms-conditions/",
                "source": "Source: carmanskitchen.com.au (https://carmanskitchen.com.au/porridge-competition-terms-conditions/)",
                "title": "Porridge Competition Terms &amp; Conditions | Carman's Kitchen",
                "headline": "Porridge Competition Terms &#038; Conditions",
                "type": "PRIZE",
                "heroCount": null,
                "totalWinners": null,
                "cadence": null,
                "prizeItems": [
                  "data",
                  "car",
                  "plan",
                  "cash",
                  "tv"
                ],
                "prizeValueHint": "$250",
                "confidence": 0.6,
                "viaRedemption": false,
                "giftCard": null
              },
              {
                "brand": "CARMANSKITCHEN",
                "url": "https://carmanskitchen.com.au/win-a-trip-to-byron-terms-and-conditions/",
                "source": "Source: carmanskitchen.com.au (https://carmanskitchen.com.au/win-a-trip-to-byron-terms-and-conditions/)",
                "title": "Win a Trip to Byron Terms and Conditions | Carman's Kitchen",
                "headline": "Win a Trip to Byron Terms and Conditions",
                "type": "PRIZE",
                "heroCount": null,
                "totalWinners": null,
                "cadence": "instant",
                "prizeItems": [
                  "data",
                  "car",
                  "trip",
                  "plan",
                  "holiday",
                  "voucher",
                  "cash",
                  "tv"
                ],
                "prizeValueHint": "$11,805",
                "confidence": 0.6,
                "viaRedemption": false,
                "giftCard": null
              },
              {
                "brand": "Carman's",
                "url": "https://solemotive.com/pages/carmans-fun-run-syd-10k?srsltid=AfmBOooHB3xkXtaoGZ9mG-_L0--9mW5jbbRWm1pnggI7e99sIs6BVcnZ",
                "source": "Source: solemotive.com (https://solemotive.com/pages/carmans-fun-run-syd-10k?srsltid=AfmBOooHB3xkXtaoGZ9mG-_L0--9mW5jbbRWm1pnggI7e99sIs6BVcnZ)",
                "title": "Carman&#39;s Fun Run Sydney 2025 - 10K | Sole Motive",
                "headline": "The Carman's Fun Run Sydney 2025 is on 21 September at Metcalfe Park, Pyrmont, with a 9:00am start. The course is a flat 2 lap with Sydney views.",
                "type": "PRIZE",
                "heroCount": null,
                "totalWinners": null,
                "cadence": null,
                "prizeItems": [
                  "data",
                  "car",
                  "trip",
                  "tv",
                  "cash"
                ],
                "prizeValueHint": "$80",
                "confidence": 0.6,
                "viaRedemption": false,
                "giftCard": null
              },
              {
                "brand": "Carman's",
                "url": "https://solemotive.com/pages/carmans-fun-run-syd-home?srsltid=AfmBOorQvL6V5sSGXodJyYnpq2M5S1edAD0ntuyCApEKW69H8iURTuCJ",
                "source": "Source: solemotive.com (https://solemotive.com/pages/carmans-fun-run-syd-home?srsltid=AfmBOorQvL6V5sSGXodJyYnpq2M5S1edAD0ntuyCApEKW69H8iURTuCJ)",
                "title": "Carman&#39;s Fun Run Sydney 2025 | Sole Motive",
                "headline": "BCNA MERCHANDISE STAND &amp; MINI-FIELD OF WOMEN",
                "type": "PRIZE",
                "heroCount": null,
                "totalWinners": null,
                "cadence": null,
                "prizeItems": [
                  "data",
                  "car",
                  "trip",
                  "tv",
                  "cash",
                  "plan"
                ],
                "prizeValueHint": "$60",
                "confidence": 0.6,
                "viaRedemption": false,
                "giftCard": null
              },
              {
                "brand": "Carman's",
                "url": "https://solemotive.com/pages/carmans-fun-run-mel-home?srsltid=AfmBOorSgV-UdaNVOUP8CKAqEEIrYHFLflLVAtbLwxYAcUtICnE2zL_9",
                "source": "Source: solemotive.com (https://solemotive.com/pages/carmans-fun-run-mel-home?srsltid=AfmBOorSgV-UdaNVOUP8CKAqEEIrYHFLflLVAtbLwxYAcUtICnE2zL_9)",
                "title": "Carman&#39;s Fun Run Melbourne 2026 | Sole Motive",
                "headline": "BCNA MERCHANDISE STAND",
                "type": "PRIZE",
                "heroCount": null,
                "totalWinners": null,
                "cadence": null,
                "prizeItems": [
                  "data",
                  "car",
                  "trip",
                  "tv",
                  "cash",
                  "plan"
                ],
                "prizeValueHint": "$60",
                "confidence": 0.6,
                "viaRedemption": false,
                "giftCard": null
              },
              {
                "brand": "Carman's",
                "url": "https://www.bcna.org.au/event-directory/major-events/carman-s-fun-run-2025-sydney/",
                "source": "Source: bcna.org.au (https://www.bcna.org.au/event-directory/major-events/carman-s-fun-run-2025-sydney/)",
                "title": "Carman&#x2019;s Fun Run 2025 - Sydney",
                "headline": "Run, jog or walk 21.1K, 10K, or 5K and make your run count by raising funds to help Australians affected by breast cancer. Secure your spot now and help us turn ...",
                "type": "PRIZE",
                "heroCount": null,
                "totalWinners": null,
                "cadence": null,
                "prizeItems": [
                  "data",
                  "car",
                  "tv"
                ],
                "prizeValueHint": "$30",
                "confidence": 0.6,
                "viaRedemption": false,
                "giftCard": null
              },
              {
                "brand": "Carman's",
                "url": "https://www.bcna.org.au/event-directory/major-events/carman-s-fun-run-2025-melbourne/",
                "source": "Source: bcna.org.au (https://www.bcna.org.au/event-directory/major-events/carman-s-fun-run-2025-melbourne/)",
                "title": "Carman&#x2019;s Fun Run 2025 - Melbourne",
                "headline": "Carman's Fun Run 2025 is on Feb 16 at Elsternwick Park, Brighton, with half-marathon, 10km, 5km run and 5km walk options. It starts at 5:45 am and ends at 1:00 ...",
                "type": "PRIZE",
                "heroCount": null,
                "totalWinners": null,
                "cadence": null,
                "prizeItems": [
                  "data",
                  "car",
                  "tv"
                ],
                "prizeValueHint": "$30",
                "confidence": 0.6,
                "viaRedemption": false,
                "giftCard": null
              },
              {
                "brand": "PAULSPROMO",
                "url": "https://www.paulspromo.com.au/",
                "source": "Source: paulspromo.com.au (https://www.paulspromo.com.au/)",
                "title": "Paul&#039;s Kids Yoghurt Minions Promotion",
                "headline": "Open to AU res 18+. Starts: 17/3/25:12AM AEDT. Ends: 30/5/25:11.59PM AEST. Max 1 entry per transaction. Retain receipts. Draw: 51A/23 Norton St, Leichhardt, NSW ...",
                "type": "PRIZE",
                "heroCount": null,
                "totalWinners": null,
                "cadence": null,
                "prizeItems": [
                  "data",
                  "tv",
                  "trip"
                ],
                "prizeValueHint": "$17,225",
                "confidence": 0.6,
                "viaRedemption": false,
                "giftCard": null
              },
              {
                "brand": "REDDYEXPRESS",
                "url": "https://www.reddyexpress.com.au/terms-and-conditions/peel-N-win",
                "source": "Source: reddyexpress.com.au (https://www.reddyexpress.com.au/terms-and-conditions/peel-N-win)",
                "title": "Reddy, Set, Peel &amp; Win - T&amp;Cs | Reddy Express",
                "headline": "All prize claims and entries into the unclaimed prize draw must be made by Entrants by no later than 11.59pm (Sydney time) on 30 September 2025. 5.",
                "type": "PRIZE",
                "heroCount": null,
                "totalWinners": null,
                "cadence": "instant",
                "prizeItems": [
                  "data",
                  "car",
                  "gift card",
                  "plans",
                  "holiday",
                  "voucher",
                  "cash",
                  "trip",
                  "giftcard",
                  "plan"
                ],
                "prizeValueHint": "$10",
                "confidence": 0.6,
                "viaRedemption": false,
                "giftCard": null
              },
              {
                "brand": "PAULS",
                "url": "https://www.pauls.com.au/",
                "source": "Source: pauls.com.au (https://www.pauls.com.au/)",
                "title": "Pauls Dairy",
                "headline": "We're pretty passionate about making great tasting products packed with real dairy goodness. We put that devotion into every Pauls milk, cream, custard, yoghurt ...",
                "type": "PRIZE",
                "heroCount": null,
                "totalWinners": null,
                "cadence": null,
                "prizeItems": [
                  "data",
                  "car",
                  "tv"
                ],
                "prizeValueHint": null,
                "confidence": 0.6,
                "viaRedemption": false,
                "giftCard": null
              },
              {
                "brand": "SCHOOLFUNDRAISING",
                "url": "https://www.schoolfundraising.com.au/",
                "source": "Source: schoolfundraising.com.au (https://www.schoolfundraising.com.au/)",
                "title": "School Fundraising | Empowering Schools Through Colour Runs",
                "headline": "We're Australia's ultimate school fundraising partner ... When parents use it to create a profile, they go into the draw to win a $500 prize credit.",
                "type": "PRIZE",
                "heroCount": 500,
                "totalWinners": null,
                "cadence": null,
                "prizeItems": [
                  "car",
                  "data",
                  "tv",
                  "trip",
                  "plan",
                  "cash"
                ],
                "prizeValueHint": "$500",
                "confidence": 0.6,
                "viaRedemption": false,
                "giftCard": null
              },
              {
                "brand": "Chobani",
                "url": "https://www.chobani.com.au/chobani-fit-competition-terms-and-conditions/",
                "source": "Source: chobani.com.au (https://www.chobani.com.au/chobani-fit-competition-terms-and-conditions/)",
                "title": "Chobani Fit Competition - Terms and Conditions - Chobani Australia",
                "headline": "Chobani Fit Competition &#8211; Terms and Conditions",
                "type": "PRIZE",
                "heroCount": null,
                "totalWinners": null,
                "cadence": null,
                "prizeItems": [
                  "car",
                  "data",
                  "cash"
                ],
                "prizeValueHint": "$399",
                "confidence": 0.6,
                "viaRedemption": false,
                "giftCard": null
              },
              {
                "brand": "Chobani",
                "url": "https://www.ozbargain.com.au/node/926882",
                "source": "Source: ozbargain.com.au (https://www.ozbargain.com.au/node/926882)",
                "title": "Win a KitchenAid Pure Power Blender + Chobani No Sugar Added Prize Pack from KitchenAid - OzBargain Competitions",
                "headline": "Win a KitchenAid Pure Power Blender + Chobani No Sugar Added Prize Pack from KitchenAid",
                "type": "PRIZE",
                "heroCount": null,
                "totalWinners": null,
                "cadence": null,
                "prizeItems": [
                  "car",
                  "tv",
                  "data",
                  "voucher",
                  "gift card",
                  "cash"
                ],
                "prizeValueHint": "$274",
                "confidence": 0.6,
                "viaRedemption": false,
                "giftCard": null
              },
              {
                "brand": "Chobani",
                "url": "https://www.ozbargain.com.au/competition/chobani.com.au",
                "source": "Source: ozbargain.com.au (https://www.ozbargain.com.au/competition/chobani.com.au)",
                "title": "Chobani: Competitions - OzBargain Competitions",
                "headline": "Chobani &raquo; Competitions",
                "type": "PRIZE",
                "heroCount": null,
                "totalWinners": null,
                "cadence": null,
                "prizeItems": [
                  "car",
                  "data",
                  "voucher",
                  "gift card",
                  "cash"
                ],
                "prizeValueHint": "$100",
                "confidence": 0.6,
                "viaRedemption": false,
                "giftCard": null
              },
              {
                "brand": "CHOBANI",
                "url": "https://www.chobani.com.au/competition-tscs/",
                "source": "Source: chobani.com.au (https://www.chobani.com.au/competition-tscs/)",
                "title": "Competition - Terms and Conditions 2024 - Chobani Australia",
                "headline": "Chobani Australia Terms and Conditions. View Chobani x Remedy Terms and Conditions ¬∑ View Chobani x Ninja Kitchen Terms and Conditions ...",
                "type": "PRIZE",
                "heroCount": null,
                "totalWinners": null,
                "cadence": null,
                "prizeItems": [
                  "car",
                  "data"
                ],
                "prizeValueHint": null,
                "confidence": 0.6,
                "viaRedemption": false,
                "giftCard": null
              },
              {
                "brand": "Chobani",
                "url": "https://www.chobani.com.au/",
                "source": "Source: chobani.com.au (https://www.chobani.com.au/)",
                "title": "Chobani Australia",
                "headline": "Real yogurt. Real simple.",
                "type": "PRIZE",
                "heroCount": null,
                "totalWinners": null,
                "cadence": null,
                "prizeItems": [
                  "car",
                  "data",
                  "plan"
                ],
                "prizeValueHint": null,
                "confidence": 0.6,
                "viaRedemption": false,
                "giftCard": null
              },
              {
                "brand": "Sara Lee",
                "url": "https://winwithsaralee.com.au/conditions.html",
                "source": "Source: winwithsaralee.com.au (https://winwithsaralee.com.au/conditions.html)",
                "title": "Sara Lee Waffles 30k Giveaway Instant Win Promotion",
                "headline": "There are 150 prizes to be given away in this Promotion: 12 x AUD$1,000.00 Cash Prize, 13 x AUD$500.00 Mastercard eVouchers and 15 x AUD$250.00 Mastercard ...",
                "type": "PRIZE",
                "heroCount": 150,
                "totalWinners": null,
                "cadence": "instant",
                "prizeItems": [
                  "data",
                  "cash",
                  "car",
                  "voucher"
                ],
                "prizeValueHint": "$500",
                "confidence": 0.6,
                "viaRedemption": false,
                "giftCard": null
              },
              {
                "brand": "Sara Lee",
                "url": "https://saralee.com.au/enter-for-your-chance-to-win-our-grocery-giveaway/",
                "source": "Source: saralee.com.au (https://saralee.com.au/enter-for-your-chance-to-win-our-grocery-giveaway/)",
                "title": "Enter for your chance to WIN our Grocery Giveaway! &#8211; Sara Lee",
                "headline": "Enter for your chance to WIN our Grocery Giveaway!",
                "type": "PRIZE",
                "heroCount": null,
                "totalWinners": null,
                "cadence": null,
                "prizeItems": [
                  "voucher",
                  "data",
                  "car",
                  "tv"
                ],
                "prizeValueHint": "$200",
                "confidence": 0.6,
                "viaRedemption": false,
                "giftCard": null
              },
              {
                "brand": "Sara Lee",
                "url": "https://saraleefoodservice.com.au/news-promotions/",
                "source": "Source: saraleefoodservice.com.au (https://saraleefoodservice.com.au/news-promotions/)",
                "title": "News &amp; Promotions | Sara Lee Foodservice Australia",
                "headline": "News &#038; Promotions",
                "type": "PRIZE",
                "heroCount": null,
                "totalWinners": null,
                "cadence": null,
                "prizeItems": [
                  "data",
                  "car",
                  "tv"
                ],
                "prizeValueHint": null,
                "confidence": 0.6,
                "viaRedemption": false,
                "giftCard": null
              },
              {
                "brand": "Sara Lee",
                "url": "https://saralee.com.au/grocery-giveaway-tcs-australia/",
                "source": "Source: saralee.com.au (https://saralee.com.au/grocery-giveaway-tcs-australia/)",
                "title": "Grocery Giveaway T&#038;Cs Australia &#8211; Sara Lee",
                "headline": "Grocery Giveaway T&#038;Cs Australia",
                "type": "PRIZE",
                "heroCount": null,
                "totalWinners": null,
                "cadence": null,
                "prizeItems": [
                  "data",
                  "car",
                  "tv",
                  "gift card",
                  "cash",
                  "plan"
                ],
                "prizeValueHint": "$200",
                "confidence": 0.6,
                "viaRedemption": false,
                "giftCard": null
              },
              {
                "brand": "Sara Lee",
                "url": "https://winwithsaralee.com.au/images/Sara%20Lee%20Instant%20Win%20T&C's.pdf",
                "source": "Source: winwithsaralee.com.au (https://winwithsaralee.com.au/images/Sara%20Lee%20Instant%20Win%20T&C's.pdf)",
                "title": "Sara Lee Waffles 30k Giveaway Instant Win Promotion",
                "headline": "Winners will have their initials and state announced on the Sara Lee Promotional website at www.winwithsaralee.com by 30th October, 2024. 14. If ...",
                "type": "PRIZE",
                "heroCount": null,
                "totalWinners": null,
                "cadence": null,
                "prizeItems": [
                  "tv"
                ],
                "prizeValueHint": "$222",
                "confidence": 0.6,
                "viaRedemption": false,
                "giftCard": null
              },
              {
                "brand": "Sara Lee",
                "url": "http://winwithsaralee.com.au/",
                "source": "Source: winwithsaralee.com.au (http://winwithsaralee.com.au/)",
                "title": "Sara Lee Waffles 30k Giveaway Instant Win Promotion",
                "headline": "The promotion commences on the 15/9/2024 at 0900 (AEST) and closes 27/10/2024 at 1700 (AEST). For full T&C's go to www.winwithsaralee.",
                "type": "PRIZE",
                "heroCount": null,
                "totalWinners": null,
                "cadence": "instant",
                "prizeItems": [
                  "data",
                  "car",
                  "voucher",
                  "tv"
                ],
                "prizeValueHint": null,
                "confidence": 0.6,
                "viaRedemption": false,
                "giftCard": null
              },
              {
                "brand": "Sara Lee",
                "url": "https://saralee.com.au/enter-for-your-chance-to-win-a-pair-of-sara-lee-socks-for-dad-terms-and-conditions-2/",
                "source": "Source: saralee.com.au (https://saralee.com.au/enter-for-your-chance-to-win-a-pair-of-sara-lee-socks-for-dad-terms-and-conditions-2/)",
                "title": "Enter for your chance to WIN a pair of Sara Lee socks for Dad! Terms and Conditions &#8211; Sara Lee",
                "headline": "Enter for your chance to WIN a pair of Sara Lee socks for Dad! Terms and Conditions",
                "type": "PRIZE",
                "heroCount": 25,
                "totalWinners": 25,
                "cadence": null,
                "prizeItems": [
                  "data",
                  "car",
                  "tv",
                  "cash",
                  "plan"
                ],
                "prizeValueHint": "$30",
                "confidence": 0.6,
                "viaRedemption": false,
                "giftCard": null
              },
              {
                "brand": "Sara Lee",
                "url": "https://saralee.com.au/enter-for-your-chance-to-win-a-kitchenaid-mixer/",
                "source": "Source: saralee.com.au (https://saralee.com.au/enter-for-your-chance-to-win-a-kitchenaid-mixer/)",
                "title": "Enter for your chance to WIN a KitchenAid Mixer! &#8211; Sara Lee",
                "headline": "Enter for your chance to WIN a KitchenAid Mixer!",
                "type": "PRIZE",
                "heroCount": null,
                "totalWinners": null,
                "cadence": null,
                "prizeItems": [
                  "data",
                  "car",
                  "tv",
                  "plan",
                  "trip"
                ],
                "prizeValueHint": null,
                "confidence": 0.6,
                "viaRedemption": false,
                "giftCard": null
              },
              {
                "brand": "TUFFSTREETERS",
                "url": "https://tuffstreeters.com.au/",
                "source": "Source: tuffstreeters.com.au (https://tuffstreeters.com.au/)",
                "title": "Home - Tuff Streeters",
                "headline": "We Are Tuff Streeters",
                "type": "PRIZE",
                "heroCount": null,
                "totalWinners": null,
                "cadence": "weekly",
                "prizeItems": [
                  "car",
                  "data",
                  "cash",
                  "trip"
                ],
                "prizeValueHint": "$100",
                "confidence": 0.6,
                "viaRedemption": false,
                "giftCard": null
              },
              {
                "brand": "LINKT",
                "url": "https://www.linkt.com.au/campaigns/driveaway/sydney",
                "source": "Source: linkt.com.au (https://www.linkt.com.au/campaigns/driveaway/sydney)",
                "title": "Pardon Our Interruption",
                "headline": "Pardon Our Interruption",
                "type": "PRIZE",
                "heroCount": null,
                "totalWinners": null,
                "cadence": null,
                "prizeItems": [],
                "prizeValueHint": null,
                "confidence": 0.6,
                "viaRedemption": false,
                "giftCard": null
              },
              {
                "brand": "YOURTOWN",
                "url": "https://www.yourtown.com.au/",
                "source": "Source: yourtown.com.au (https://www.yourtown.com.au/)",
                "title": "yourtown | Art Union & Community Services | Prize Homes",
                "headline": "Every young person deserves a chance to thrive",
                "type": "PRIZE",
                "heroCount": null,
                "totalWinners": null,
                "cadence": null,
                "prizeItems": [
                  "car",
                  "data",
                  "tv"
                ],
                "prizeValueHint": null,
                "confidence": 0.6,
                "viaRedemption": false,
                "giftCard": null
              },
              {
                "brand": "RAFFLETIX",
                "url": "https://www.raffletix.com.au/raffles",
                "source": "Source: raffletix.com.au (https://www.raffletix.com.au/raffles)",
                "title": "Live raffles",
                "headline": "Live raffles",
                "type": "PRIZE",
                "heroCount": null,
                "totalWinners": null,
                "cadence": null,
                "prizeItems": [
                  "tv",
                  "data",
                  "car"
                ],
                "prizeValueHint": null,
                "confidence": 0.6,
                "viaRedemption": false,
                "giftCard": null
              },
              {
                "brand": "MOTORCULTUREAUSTRALIA",
                "url": "https://www.motorcultureaustralia.com/current-giveaways/",
                "source": "Source: motorcultureaustralia.com (https://www.motorcultureaustralia.com/current-giveaways/)",
                "title": "Current Giveaways &#8211; Motor Culture Australia",
                "headline": "1 DAY ONLY! Mercedes AMG C63S ¬∑ 1 WEEK ONLY: Brand New INEOS Grenadier ¬∑ 1 DAY ONLY: $100,000 Cash Giveaway ¬∑ 2023 Honda Civic Type R ¬∑ 1 Week Only: Brand New 2024 ...",
                "type": "PRIZE",
                "heroCount": null,
                "totalWinners": null,
                "cadence": null,
                "prizeItems": [
                  "data",
                  "car",
                  "cash",
                  "trip"
                ],
                "prizeValueHint": "$100,000",
                "confidence": 0.6,
                "viaRedemption": false,
                "giftCard": null
              },
              {
                "brand": "RSREWARDS",
                "url": "https://rsrewards.com.au/competition",
                "source": "Source: rsrewards.com.au (https://rsrewards.com.au/competition)",
                "title": "RS Rewards - Australia's Best Rewards Club",
                "headline": "Join RS Rewards for monthly prize draws and exclusive competitions. Win amazing prizes including cash, gift cards, and more. Enter our monthly raffles ...",
                "type": "PRIZE",
                "heroCount": null,
                "totalWinners": null,
                "cadence": "weekly",
                "prizeItems": [
                  "cash",
                  "gift card",
                  "car",
                  "trip",
                  "data",
                  "plan",
                  "plans"
                ],
                "prizeValueHint": "$20",
                "confidence": 0.6,
                "viaRedemption": false,
                "giftCard": null
              },
              {
                "brand": "REDBULL",
                "url": "https://www.redbull.com/au-en/events/red-bull-dance-your-style-national-finals-australia",
                "source": "Source: redbull.com (https://www.redbull.com/au-en/events/red-bull-dance-your-style-national-finals-australia)",
                "title": "Red Bull Dance Your Style Final Australia 2025",
                "headline": "Red Bull Dance Your Style is a 1v1 Street Dance battle competition where Australia's best street dancers dance to unpredictable music hits and the crowd ...",
                "type": "PRIZE",
                "heroCount": null,
                "totalWinners": null,
                "cadence": null,
                "prizeItems": [
                  "data",
                  "car"
                ],
                "prizeValueHint": null,
                "confidence": 0.6,
                "viaRedemption": false,
                "giftCard": null
              },
              {
                "brand": "MASTERSOFCHOREOGRAPHY",
                "url": "https://www.mastersofchoreography.com/udo-australia",
                "source": "Source: mastersofchoreography.com (https://www.mastersofchoreography.com/udo-australia)",
                "title": "UDO AUSTRALIA | Masters Of Choreogra",
                "headline": "UDO Australia falls under the Masters of Choreography umbrella and is our National Street Dance competition which we have hosted since 2015.",
                "type": "PRIZE",
                "heroCount": null,
                "totalWinners": null,
                "cadence": null,
                "prizeItems": [
                  "tv",
                  "data",
                  "car",
                  "plans",
                  "trip",
                  "giftcard",
                  "plan"
                ],
                "prizeValueHint": null,
                "confidence": 0.6,
                "viaRedemption": false,
                "giftCard": null
              },
              {
                "brand": "DARLINGHARBOUR",
                "url": "https://www.darlingharbour.com/whats-on/archive/events/beat-breakdown",
                "source": "Source: darlingharbour.com (https://www.darlingharbour.com/whats-on/archive/events/beat-breakdown)",
                "title": "Beat Breakdown - Battle it out at Sydney&#39;s 1v1 Street Dance Showdown in Darling Harbour | Darling Harbour",
                "headline": "Beat Breakdown",
                "type": "PRIZE",
                "heroCount": null,
                "totalWinners": null,
                "cadence": "weekly",
                "prizeItems": [
                  "data",
                  "car",
                  "plan"
                ],
                "prizeValueHint": null,
                "confidence": 0.6,
                "viaRedemption": false,
                "giftCard": null
              },
              {
                "brand": "TRANSPORT",
                "url": "https://www.transport.nsw.gov.au/industry/cities-and-active-transport/cities-revitalisation-and-place/festival-of-place/creative-3",
                "source": "Source: transport.nsw.gov.au (https://www.transport.nsw.gov.au/industry/cities-and-active-transport/cities-revitalisation-and-place/festival-of-place/creative-3)",
                "title": "Public Space Ideas Competition | Transport for NSW",
                "headline": "The Ideas Competition aimed to shape a new conversation about public space in Sydney and was delivered in partnership with the Committee for Sydney.",
                "type": "PRIZE",
                "heroCount": null,
                "totalWinners": null,
                "cadence": null,
                "prizeItems": [
                  "car",
                  "data",
                  "tv",
                  "trip",
                  "plan"
                ],
                "prizeValueHint": null,
                "confidence": 0.6,
                "viaRedemption": false,
                "giftCard": null
              },
              {
                "brand": "NUTELLA",
                "url": "https://www.nutella.com/au/en/xp/nutella-x-kinder-biscuits/faq/",
                "source": "Source: nutella.com (https://www.nutella.com/au/en/xp/nutella-x-kinder-biscuits/faq/)",
                "title": "Nutella x Kinder Biscuits promotion",
                "headline": "Frequently Asked Questions",
                "type": "PRIZE",
                "heroCount": null,
                "totalWinners": null,
                "cadence": "instant",
                "prizeItems": [
                  "data",
                  "gift card",
                  "car"
                ],
                "prizeValueHint": "$100",
                "confidence": 0.6,
                "viaRedemption": false,
                "giftCard": null
              },
              {
                "brand": "KINDER",
                "url": "https://www.kinder.com/au/en/xp/kinderbuenosoundbreaks/term-conditions",
                "source": "Source: kinder.com (https://www.kinder.com/au/en/xp/kinderbuenosoundbreaks/term-conditions)",
                "title": "T&amp;C | Kinder Bueno Sound Breaks",
                "headline": "All provisional winners are subject to verification. Upon verification, winners will be sent their prize. Total prize pool. The total prize pool is AU$43,022.",
                "type": "PRIZE",
                "heroCount": 1,
                "totalWinners": null,
                "cadence": "daily",
                "prizeItems": [
                  "data",
                  "car",
                  "holiday",
                  "cash",
                  "plan"
                ],
                "prizeValueHint": "$439",
                "confidence": 0.6,
                "viaRedemption": false,
                "giftCard": null
              },
              {
                "brand": "NUTELLA",
                "url": "https://www.nutella.com/au/en/xp/nutella-x-kinder-biscuits/winners/",
                "source": "Source: nutella.com (https://www.nutella.com/au/en/xp/nutella-x-kinder-biscuits/winners/)",
                "title": "Winners - Nutella",
                "headline": "Winners",
                "type": "PRIZE",
                "heroCount": null,
                "totalWinners": null,
                "cadence": null,
                "prizeItems": [
                  "data",
                  "gift card",
                  "car"
                ],
                "prizeValueHint": "$10,000",
                "confidence": 0.6,
                "viaRedemption": false,
                "giftCard": null
              },
              {
                "brand": "KINDER",
                "url": "https://www.kinder.com/au/en/kinder-natoons-consumer-promotion-faq",
                "source": "Source: kinder.com (https://www.kinder.com/au/en/kinder-natoons-consumer-promotion-faq)",
                "title": "Kinder Natoons Consumer Promotion FAQ - Kinder Australia and New Zealand",
                "headline": "Kinder Natoons Consumer Promotion FAQ",
                "type": "PRIZE",
                "heroCount": null,
                "totalWinners": null,
                "cadence": "daily",
                "prizeItems": [
                  "car",
                  "data",
                  "tv"
                ],
                "prizeValueHint": null,
                "confidence": 0.6,
                "viaRedemption": false,
                "giftCard": null
              },
              {
                "brand": "TCGPROMO",
                "url": "https://tcgpromo.com.au/au/en/xp/win/terms-lavazza/",
                "source": "Source: tcgpromo.com.au (https://tcgpromo.com.au/au/en/xp/win/terms-lavazza/)",
                "title": "Terms-Lavazza | Nutella¬†DeLonghi Promotion",
                "headline": "All draws will take place at 3:30pm AEST/AEDT (5:30pm NZDT) at Handling Matters Pty Ltd, Unit 40, 1-5 Thew Parade, Cromer NSW 2099 on the dates specified in the ...",
                "type": "PRIZE",
                "heroCount": 250,
                "totalWinners": null,
                "cadence": null,
                "prizeItems": [
                  "data",
                  "car",
                  "gift card",
                  "cash",
                  "plan"
                ],
                "prizeValueHint": "$15",
                "confidence": 0.6,
                "viaRedemption": false,
                "giftCard": null
              },
              {
                "brand": "Woolworths",
                "url": "https://www.lottos.com.au/competitions/viewthreadlite.php?tid=672336",
                "source": "Source: lottos.com.au (https://www.lottos.com.au/competitions/viewthreadlite.php?tid=672336)",
                "title": "Verifying...",
                "headline": "The winner of the Major Prize Draw will win one (1) $10,000 EFTPOS Gift Card. Total prize pool. The total prize pool is AU$50,000. How many ...",
                "type": "PRIZE",
                "heroCount": null,
                "totalWinners": null,
                "cadence": null,
                "prizeItems": [
                  "data"
                ],
                "prizeValueHint": null,
                "confidence": 0.6,
                "viaRedemption": false,
                "giftCard": null
              },
              {
                "brand": "KINDER",
                "url": "https://www.kinder.com/au/en/win",
                "source": "Source: kinder.com (https://www.kinder.com/au/en/win)",
                "title": "Win - Kinder Australia and New Zealand",
                "headline": "Enter for a chance to win 1 of 1500 Natoons Adventure Boards.",
                "type": "PRIZE",
                "heroCount": 150,
                "totalWinners": null,
                "cadence": null,
                "prizeItems": [
                  "data",
                  "car"
                ],
                "prizeValueHint": null,
                "confidence": 0.6,
                "viaRedemption": false,
                "giftCard": null
              },
              {
                "brand": "AP-SOUTHEAST-2",
                "url": "https://ap-southeast-2.graphassets.com/AY4aDPEmTRrKdZ4jgHiscz/cmbr6yjzfyqw6072vyro8jeep",
                "source": "Source: ap-southeast-2.graphassets.com (https://ap-southeast-2.graphassets.com/AY4aDPEmTRrKdZ4jgHiscz/cmbr6yjzfyqw6072vyro8jeep)",
                "title": "PR240643 - Conversion - Nutella and Kinder Biscuits Promotion",
                "headline": "Entries open at 12:00am AEST on 16/07/25 and close at 11:59pm AEST on 26/08/25. (‚ÄúCompetition Period‚Äù). Who can enter?",
                "type": "PRIZE",
                "heroCount": null,
                "totalWinners": null,
                "cadence": null,
                "prizeItems": [
                  "tv",
                  "giftcard",
                  "car"
                ],
                "prizeValueHint": "$79",
                "confidence": 0.6,
                "viaRedemption": false,
                "giftCard": null
              },
              {
                "brand": "FERRERO",
                "url": "https://www.ferrero.com/int/en/news-stories/news/tic-tac-launches-new-choose-your-match-campaign",
                "source": "Source: ferrero.com (https://www.ferrero.com/int/en/news-stories/news/tic-tac-launches-new-choose-your-match-campaign)",
                "title": "Tic Tac Launches &#039;Choose Your Match&#039; Campaign - Vote for the Next Limited-Edition Flavor | Ferrero",
                "headline": "Join Tic Tac's 'Choose Your Match' campaign and help decide the next limited-edition flavor! Explore new refreshing Tic Tac flavors, ...",
                "type": "PRIZE",
                "heroCount": null,
                "totalWinners": null,
                "cadence": null,
                "prizeItems": [
                  "car",
                  "plan",
                  "data",
                  "trip",
                  "tv"
                ],
                "prizeValueHint": null,
                "confidence": 0.6,
                "viaRedemption": false,
                "giftCard": null
              },
              {
                "brand": "EMPORIUMSHOWBAGS",
                "url": "https://emporiumshowbags.com.au/terms-and-conditions/",
                "source": "Source: emporiumshowbags.com.au (https://emporiumshowbags.com.au/terms-and-conditions/)",
                "title": "Terms and Conditions | Emporium Showbags",
                "headline": "Winners will be posted on @‚Äåemporiumshowbags Instagram stories at 7pm Wednesday 24th September 2025 AEDT. Winner will be contacted through our official ...",
                "type": "PRIZE",
                "heroCount": null,
                "totalWinners": null,
                "cadence": null,
                "prizeItems": [
                  "data",
                  "car",
                  "cash",
                  "gift card",
                  "voucher",
                  "tv"
                ],
                "prizeValueHint": "$500",
                "confidence": 0.6,
                "viaRedemption": false,
                "giftCard": null
              },
              {
                "brand": "Gelatissimo",
                "url": "https://gelatissimo.com.au/gelatissimo-marion-birthday-giveaway-tcs/",
                "source": "Source: gelatissimo.com.au (https://gelatissimo.com.au/gelatissimo-marion-birthday-giveaway-tcs/)",
                "title": "Gelatissimo Marion Birthday Giveaway T&amp;Cs - Gelatissimo",
                "headline": "Gelatissimo Marion Birthday Giveaway T&#038;Cs",
                "type": "PRIZE",
                "heroCount": null,
                "totalWinners": null,
                "cadence": "daily",
                "prizeItems": [
                  "data",
                  "car",
                  "gift card",
                  "cash",
                  "tv"
                ],
                "prizeValueHint": "$500",
                "confidence": 0.6,
                "viaRedemption": false,
                "giftCard": null
              },
              {
                "brand": "GELATISSIMO",
                "url": "https://gelatissimo.com.au/social-competition-terms-conditions/",
                "source": "Source: gelatissimo.com.au (https://gelatissimo.com.au/social-competition-terms-conditions/)",
                "title": "Social Competitions - Terms &amp; Conditions - Gelatissimo",
                "headline": "Social Competitions &#8211; Terms &#038; Conditions",
                "type": "PRIZE",
                "heroCount": null,
                "totalWinners": null,
                "cadence": "daily",
                "prizeItems": [
                  "data",
                  "car",
                  "gift card",
                  "cash",
                  "tv"
                ],
                "prizeValueHint": "$20",
                "confidence": 0.6,
                "viaRedemption": false,
                "giftCard": null
              },
              {
                "brand": "GELATISSIMO",
                "url": "https://gelatissimo.com.au/turtally-awesome-colouring-in-competition/",
                "source": "Source: gelatissimo.com.au (https://gelatissimo.com.au/turtally-awesome-colouring-in-competition/)",
                "title": "Turtally Awesome Colouring In Competition - Gelatissimo",
                "headline": "Turtally Awesome Colouring In Competition",
                "type": "PRIZE",
                "heroCount": 46,
                "totalWinners": null,
                "cadence": "daily",
                "prizeItems": [
                  "data",
                  "car",
                  "cash",
                  "plan",
                  "gift card",
                  "tv"
                ],
                "prizeValueHint": "$49",
                "confidence": 0.6,
                "viaRedemption": false,
                "giftCard": null
              },
              {
                "brand": "GELATISSIMO",
                "url": "https://gelatissimo.com.au/celebrate-mont-blanc-moccamaster-giveaway-tcs/",
                "source": "Source: gelatissimo.com.au (https://gelatissimo.com.au/celebrate-mont-blanc-moccamaster-giveaway-tcs/)",
                "title": "Celebrate Mont Blanc - Moccamaster Giveaway T&amp;Cs - Gelatissimo",
                "headline": "Celebrate Mont Blanc &#8211; Moccamaster Giveaway T&#038;Cs",
                "type": "PRIZE",
                "heroCount": null,
                "totalWinners": null,
                "cadence": "daily",
                "prizeItems": [
                  "data",
                  "car",
                  "cash",
                  "gift card",
                  "tv"
                ],
                "prizeValueHint": "$600",
                "confidence": 0.6,
                "viaRedemption": false,
                "giftCard": null
              },
              {
                "brand": "Gelatissimo",
                "url": "https://gelatissimo.com.au/gelatissimo-x-transformers-one-merchandise-competition-terms-conditions/",
                "source": "Source: gelatissimo.com.au (https://gelatissimo.com.au/gelatissimo-x-transformers-one-merchandise-competition-terms-conditions/)",
                "title": "Gelatissimo x TRANSFORMERS ONE Merchandise Competition Terms &amp; Conditions - Gelatissimo",
                "headline": "Gelatissimo x TRANSFORMERS ONE Merchandise Competition Terms &#038; Conditions",
                "type": "PRIZE",
                "heroCount": 15,
                "totalWinners": null,
                "cadence": "daily",
                "prizeItems": [
                  "data",
                  "car",
                  "cash",
                  "plan",
                  "gift card",
                  "tv"
                ],
                "prizeValueHint": "$500",
                "confidence": 0.6,
                "viaRedemption": false,
                "giftCard": null
              }
            ]
          },
          "retailers": {
            "names": [
              "Coles",
              "Woolworths",
              "ALDI",
              "IGA",
              "7-Eleven",
              "IGA / Metcash",
              "Convenience chains (7-Eleven, NightOwl)"
            ],
            "facts": [
              {
                "claim": "Shop Wicked Sister Products Online ‚Äî Spend $20 in one transaction, scan your Flybuys and receive one bonus ... Coles Online - Hawthorn East, Victoria Australia 3123 ¬© Copyright Coles 2025 ...",
                "source": "Source: coles.com.au (https://www.coles.com.au/brands/wicked-sister-2243304464?srsltid=AfmBOorYQ8EpCARESOfggSYw6a0kH6Cd3I8WTHdJ2uPnxIgPwdEmQSyX)"
              },
              {
                "claim": "Shop Wicked Products Online ‚Äî Wicked Sister High Protein Chocolate Pudding | 170g. Wicked Sister High Protein Chocolate Pudding | 170g. $3.30. $1.94 per 100g.",
                "source": "Source: coles.com.au (https://www.coles.com.au/brands/wicked-209964905?srsltid=AfmBOortoQhVbLxDlHASP978vo60t2xIrbty54sQNgLP1XZNkHeuMoVj)"
              },
              {
                "claim": "Shop Wicked Sister Products Online ‚Äî Shop your way at Coles. Our range of Wicked Sister products at everyday low prices you know and trust. Shop online and get home delivery or click and ...",
                "source": "Source: coles.com.au (https://www.coles.com.au/brands/wicked-sister-2243304464?srsltid=AfmBOophw4pZ-ovAdz4Yo1Wu-oOmT-q36A_DguVvm1KJ1Y5teT7wiTKK)"
              },
              {
                "claim": "Browse Frozen Desserts ‚Äî Frozen Desserts ; Sara Lee Lemon Cheesecake | 410g ¬∑ $2.20 per 100g ; Sara Lee Frozen Chocolate Buttercake | 350g ¬∑ $2.57 per 100g ; Sara Lee ...",
                "source": "Source: coles.com.au (https://www.coles.com.au/browse/frozen/frozen-desserts?srsltid=AfmBOoqADk4B-Ru-b16VsUXkYkjrkoV-PHhDU49mf67OBdGP2in7EG7t)"
              },
              {
                "claim": "Browse Assorted Desserts ‚Äî Assorted Desserts ; Sara Lee Frozen Chocolate Buttercake | 350g ¬∑ $9.00. $2.57 per 100g ; Coles Finest Triple Chocolate Buche | 470g ¬∑ $18.00.",
                "source": "Source: coles.com.au (https://www.coles.com.au/browse/frozen/frozen-desserts/assorted-desserts?srsltid=AfmBOoqLhpCXuJ8382fayyc4PQ8RPG3OAm3owlAHdkMPjR1g9IWQL5_N)"
              },
              {
                "claim": "Browse Frozen ‚Äî Binggrae Samanco Dessert Sandwich 4 Pack. Frozen dessert with strawberry or red bean flavours. Shop Now.",
                "source": "Source: coles.com.au (https://www.coles.com.au/browse/frozen?srsltid=AfmBOooaZxqdFdACnLS3yFGQgsu_guylkITN7tX67HTQrC-MnBEEpot1)"
              },
              {
                "claim": "Browse Ice Cream ‚Äî Proud & Punch Coconuts For Mango Frozen Dessert 6 Pack | 450mL. Proud & Punch Coconuts For Mango Frozen Dessert 6 Pack | 450mL. $4.25.",
                "source": "Source: coles.com.au (https://www.coles.com.au/browse/frozen/ice-cream?srsltid=AfmBOopKVUD0tKALr3q2cigrPI24lPrC5JUNTGfeZWP0tHdIiJ964h_W)"
              },
              {
                "claim": "Browse Cakes & Cheesecakes ‚Äî Sara Lee Lemon Cheesecake | 410g ¬∑ $2.20 per 100g ; Sara Lee Frozen Chocolate Buttercake | 350g ¬∑ $2.57 per 100g ; Sara Lee Frozen Chocolate ...",
                "source": "Source: coles.com.au (https://www.coles.com.au/browse/frozen/frozen-desserts/cakes-cheesecakes?srsltid=AfmBOoqRuWbhAPkO3Sbtpqm1KvK3E9gS8F9j4TO18tYXyN36IOJMwGxq)"
              }
            ]
          },
          "season": {
            "label": "Spring in Australia",
            "facts": []
          },
          "market": {
            "facts": [
              {
                "claim": "Bridging the gap: Trends and challenges in grocery and retail ‚Äî With consumers increasingly seeking convenience, food-to-go and meal solutions are becoming increasingly popular. While many grocery retailers ...",
                "source": "Source: retail.org.au (https://www.retail.org.au/news-and-insights/bridging-the-gap-trends-and-challenges-in-grocery-and-retail)"
              },
              {
                "claim": "Supermarkets and Grocery Stores in Australia ‚Äî Trends and Insights ¬∑ ACCC's supermarket inquiry has highlighted key industry dynamics. ¬∑ Changing consumer trends are causing a shift in store product mixes.",
                "source": "Source: ibisworld.com (https://www.ibisworld.com/australia/industry/supermarkets-and-grocery-stores/1834/)"
              },
              {
                "claim": "Australian Retail Outlook 2025 ‚Äî Retail sector trends and insights for 2025, including digital evolution, customer experience, sustainability and supply chain optimisation.",
                "source": "Source: kpmg.com (https://kpmg.com/au/en/insights/industry/australian-retail-outlook.html)"
              },
              {
                "claim": "People infer better odds when many winners are visible; cadence visibility (e.g., daily awards) increases perceived fairness.",
                "source": "Source: indicative (behavioural marketing literature)"
              }
            ]
          },
          "signals": {
            "facts": [
              {
                "claim": "Client: Wicked Sister",
                "source": "Source: brief"
              },
              {
                "claim": "Brand: Wicked Sister",
                "source": "Source: brief"
              },
              {
                "claim": "Campaign objective: Drive two-pack purchases and capture opted-in dessert fans before the Wicked film release.",
                "source": "Source: brief"
              },
              {
                "claim": "Promotion type: INSTANT_WIN",
                "source": "Source: brief"
              },
              {
                "claim": "Mechanic: Buy 2 products, upload receipts and discover instantly if you‚Äôve scored a movie ticket.",
                "source": "Source: brief"
              },
              {
                "claim": "Hook: Win a Movie Ticket Instantly",
                "source": "Source: brief"
              },
              {
                "claim": "Channels: In-store",
                "source": "Source: brief"
              },
              {
                "claim": "Channels: Social",
                "source": "Source: brief"
              },
              {
                "claim": "Channels: Digital",
                "source": "Source: brief"
              },
              {
                "claim": "Channels: Influencer",
                "source": "Source: brief"
              },
              {
                "claim": "Channels: Retail Media",
                "source": "Source: brief"
              },
              {
                "claim": "Channels: GROCERY",
                "source": "Source: brief"
              },
              {
                "claim": "Channels: CONVENIENCE",
                "source": "Source: brief"
              },
              {
                "claim": "Season/theme: Spring",
                "source": "Source: brief"
              },
              {
                "claim": "Staff burden: ZERO",
                "source": "Source: brief"
              },
              {
                "claim": "Proof requirement: FULL_RECEIPT",
                "source": "Source: brief"
              },
              {
                "claim": "Entry mechanic cues: Win a Movie Ticket Instantly",
                "source": "Source: brief"
              },
              {
                "claim": "Entry mechanic cues: Buy 2 products, upload receipts and discover instantly if you‚Äôve scored a movie ticket.",
                "source": "Source: brief"
              },
              {
                "claim": "Campaign title: Spring Movie Launch",
                "source": "Source: brief"
              },
              {
                "claim": "IP tie-in briefed (licensed): Wicked ‚Äî For Good | type: FILM | window: November 2025.",
                "source": "Source: brief"
              },
              {
                "claim": "Recent promos show hero prize counts clustering around ~35.5 (mode ‚âà 1).",
                "source": "Source: indicative (live promo scan)"
              },
              {
                "claim": "Cadence cues common in-market: instant & weekly & daily.",
                "source": "Source: indicative (live promo scan)"
              }
            ]
          },
          "benchmarks": {
            "heroPrize": {
              "median": 35.5,
              "mode": 1
            },
            "cadenceShare": {
              "instant": 0.3529411764705883,
              "weekly": 0.2352941176470588,
              "daily": 0.4117647058823529
            },
            "manyWinnersShare": 0,
            "prizeCountsObserved": {
              "total": 10,
              "common": [
                {
                  "count": 1,
                  "share": 0.2
                },
                {
                  "count": 150,
                  "share": 0.2
                },
                {
                  "count": 3,
                  "share": 0.1
                }
              ]
            },
            "recommendedHeroCount": 3,
            "positionVsMarket": "UNKNOWN"
          },
          "meta": {
            "level": "MAX",
            "warnings": [],
            "usedFallbacks": [],
            "searchProvider": "serper",
            "logs": [
              "search:serper:The Wicked Sisters shopper promotion AU -> 6",
              "search:serper:The Wicked Sisters Coles promotion AU -> 6",
              "search:serper:Frozen dessert Australia market trend -> 6",
              "search:serper:Australia grocery & convenience retail trends -> 6",
              "search:serper:The Wicked Sisters shopper insights AU -> 6",
              "search:serper:Frozen dessert promotion Australia -> 6",
              "search:serper:The Wicked Sisters consumer insights AU -> 6",
              "search:serper:The Wicked Sisters consumer research AU -> 6",
              "search:serper:The Wicked Sisters Coles activation Australia -> 6",
              "search:serper:Frozen dessert category growth Australia -> 6",
              "search:serper:The Wicked Sisters brand campaign AU -> 6",
              "search:serper:The Wicked Sisters buyer insight AU -> 6",
              "search:serper:The Wicked Sisters Coles buyer pitch -> 6",
              "search:serper:The Wicked Sisters market share AU -> 6",
              "search:serper:The Wicked Sisters audience profile Australia -> 6",
              "search:serper:The Wicked Sisters Drive two-pack purchases and capture opted-in dessert fans before the Wicked film release. promotion AU -> 6",
              "search:serper:The Wicked Sisters Coles range review -> 6",
              "search:serper:The Wicked Sisters category performance AU -> 6",
              "search:serper:Primary grocery buyers shopper insights AU -> 6",
              "search:serper:The Wicked Sisters Coles case study -> 6",
              "search:serper:The Wicked Sisters Win a Movie Ticket Instantly promotion AU -> 6",
              "search:serper:The Wicked Sisters sales growth AU -> 6",
              "search:serper:Primary grocery buyers promotion response AU -> 6",
              "search:serper:The Wicked Sisters Woolworths promotion AU -> 6",
              "search:serper:The Wicked Sisters Buy 2 products, upload receipts and discover instantly if you‚Äôve scored a movie ticket. promotion AU -> 6",
              "search:serper:The Wicked Sisters Woolworths activation Australia -> 6",
              "search:serper:The Wicked Sisters Australia -> 6",
              "search:serper:They reward the family with purposeful treats that feel magical but still practical. shopper insights AU -> 6",
              "search:serper:The Wicked Sisters prize draw Australia -> 6",
              "search:serper:The Wicked Sisters Woolworths buyer pitch -> 6",
              "search:serper:They reward the family with purposeful treats that feel magical but still practical. promotion response AU -> 6",
              "search:serper:Plans movie nights, shares dessert finds on social, responds to retailer app notifications. shopper insights AU -> 6",
              "search:serper:The Wicked Sisters Woolworths range review -> 6",
              "search:serper:The Wicked Sisters Woolworths case study -> 6",
              "search:serper:Plans movie nights, shares dessert finds on social, responds to retailer app notifications. promotion response AU -> 6",
              "search:serper:In-store shopper behaviour AU -> 6",
              "search:serper:The Wicked Sisters ALDI promotion AU -> 6",
              "search:serper:The Wicked Sisters ALDI activation Australia -> 6",
              "search:serper:Social shopper behaviour AU -> 6",
              "search:serper:The Wicked Sisters ALDI buyer pitch -> 6",
              "search:serper:Digital shopper behaviour AU -> 6",
              "search:serper:Influencer shopper behaviour AU -> 6",
              "search:serper:The Wicked Sisters ALDI range review -> 6",
              "search:serper:The Wicked Sisters ALDI case study -> 6",
              "search:serper:Australia grocery shopper promotion trends -> 6",
              "search:serper:The Wicked Sisters IGA promotion AU -> 6",
              "search:serper:front-of-store impulse purchase research Australia -> 6",
              "search:serper:The Wicked Sisters IGA activation Australia -> 6",
              "search:serper:AU retail promotional response study -> 6",
              "search:serper:The Wicked Sisters IGA buyer pitch -> 6",
              "search:serper:The Wicked Sisters IGA range review -> 6",
              "search:serper:The Wicked Sisters IGA case study -> 6",
              "search:serper:The Wicked Sisters 7-Eleven promotion AU -> 6",
              "search:serper:The Wicked Sisters 7-Eleven activation Australia -> 6",
              "search:serper:The Wicked Sisters 7-Eleven buyer pitch -> 6",
              "search:serper:The Wicked Sisters 7-Eleven range review -> 6",
              "search:serper:The Wicked Sisters 7-Eleven case study -> 6",
              "search:serper:The Wicked Sisters IGA / Metcash promotion AU -> 6",
              "search:serper:The Wicked Sisters IGA / Metcash activation Australia -> 6",
              "search:serper:The Wicked Sisters IGA / Metcash buyer pitch -> 2",
              "search:serper:The Wicked Sisters IGA / Metcash range review -> 6",
              "search:serper:The Wicked Sisters IGA / Metcash case study -> 6",
              "search:serper:The Wicked Sisters Convenience chains (7-Eleven, NightOwl) promotion AU -> 6",
              "search:serper:The Wicked Sisters Convenience chains (7-Eleven, NightOwl) activation Australia -> 6",
              "search:serper:The Wicked Sisters Convenience chains (7-Eleven, NightOwl) buyer pitch -> 6",
              "search:serper:The Wicked Sisters Convenience chains (7-Eleven, NightOwl) range review -> 6",
              "search:serper:The Wicked Sisters Convenience chains (7-Eleven, NightOwl) case study -> 6",
              "search:serper:The Wicked Sisters ranging Australia -> 6",
              "search:serper:The Wicked Sisters retail buyer feedback -> 6",
              "search:serper:The Wicked Sisters supermarket partnership Australia -> 6",
              "search:serper:Coles freezer space Frozen dessert AU -> 5",
              "search:serper:Frozen dessert treat cost of living AU -> 5",
              "search:serper:Coles range review Frozen dessert AU -> 5",
              "search:serper:Frozen dessert grocery budget indulgence AU -> 5",
              "search:serper:Coles shelf space competition Frozen dessert -> 5",
              "search:serper:Frozen dessert family dessert sharing insight -> 5",
              "search:serper:Woolworths freezer space Frozen dessert AU -> 5",
              "search:serper:Frozen dessert shopper mum buying for family -> 5",
              "search:serper:Woolworths range review Frozen dessert AU -> 5",
              "search:serper:Woolworths shelf space competition Frozen dessert -> 5",
              "search:serper:Frozen dessert affordable luxury Australia -> 5",
              "search:serper:ALDI freezer space Frozen dessert AU -> 5",
              "search:serper:cost of living grocery treat australia -> 5",
              "search:serper:ALDI range review Frozen dessert AU -> 5",
              "search:serper:grocery buyer vs eater insight australia -> 5",
              "search:serper:The Wicked Sisters shopper insight australia -> 5",
              "search:serper:ALDI shelf space competition Frozen dessert -> 5",
              "search:serper:The Wicked Sisters cost of living -> 5",
              "search:serper:IGA freezer space Frozen dessert AU -> 5",
              "search:serper:The Wicked Sisters treat mom insight -> 5",
              "search:serper:IGA range review Frozen dessert AU -> 5",
              "search:serper:IGA shelf space competition Frozen dessert -> 5",
              "search:serper:7-Eleven freezer space Frozen dessert AU -> 5",
              "search:serper:7-Eleven range review Frozen dessert AU -> 5",
              "search:serper:7-Eleven shelf space competition Frozen dessert -> 5",
              "search:serper:IGA / Metcash freezer space Frozen dessert AU -> 5",
              "search:serper:IGA / Metcash range review Frozen dessert AU -> 5",
              "search:serper:IGA / Metcash shelf space competition Frozen dessert -> 5",
              "search:serper:The Wicked Sisters Coles ranging -> 5",
              "search:serper:The Wicked Sisters Woolworths range -> 5",
              "search:serper:The Wicked Sisters freezer facings Australia -> 5",
              "search:serper:Frozen dessert freezer space Australia -> 5",
              "search:serper:Frozen dessert shelf share supermarket -> 5",
              "search:serper:Frozen dessert private label competition Australia -> 5",
              "search:serper:Frozen dessert range review Coles -> 5",
              "search:serper:Frozen dessert range review Woolworths -> 5",
              "search:serper:Frozen dessert independent grocer freezer -> 5",
              "search:serper:Rokeby Farms freezer space Coles -> 5",
              "search:serper:Rokeby Farms Woolworths freezer -> 5",
              "search:serper:Priestley‚Äôs Gourmet Delights freezer space Coles -> 5",
              "search:serper:Priestley‚Äôs Gourmet Delights Woolworths freezer -> 5",
              "search:serper:Jillian's Cakery freezer space Coles -> 5",
              "search:serper:Rokeby Farms promotion AU -> 6",
              "search:serper:Rokeby Farms competition AU -> 6",
              "search:serper:Priestley‚Äôs Gourmet Delights promotion AU -> 6",
              "search:serper:Priestley‚Äôs Gourmet Delights competition AU -> 6",
              "search:serper:Jillian's Cakery promotion AU -> 6",
              "search:serper:Jillian's Cakery competition AU -> 6",
              "search:serper:Belle Fleur promotion AU -> 6",
              "search:serper:Belle Fleur competition AU -> 6",
              "search:serper:Beak & Johnston promotion AU -> 6",
              "search:serper:Beak & Johnston competition AU -> 6",
              "search:serper:Carman's promotion AU -> 6",
              "search:serper:Carman's competition AU -> 6",
              "search:serper:Pauls PLUS+ promotion AU -> 6",
              "search:serper:Pauls PLUS+ competition AU -> 6",
              "search:serper:Chobani promotion AU -> 6",
              "search:serper:Chobani competition AU -> 6",
              "search:serper:Rokeby Farms brand overview AU -> 6",
              "search:serper:Rokeby Farms chilled dessert brand Australia -> 6",
              "search:serper:Rokeby Farms shopper insight AU -> 6",
              "search:serper:Rokeby Farms retail distribution Australia -> 6",
              "search:serper:The Wicked Sisters vs Rokeby Farms -> 6",
              "search:serper:The Wicked Sisters and Rokeby Farms market share -> 6",
              "search:serper:The Wicked Sisters Rokeby Farms comparison Australia -> 6",
              "search:serper:Priestley‚Äôs Gourmet Delights brand overview AU -> 6",
              "search:serper:Priestley‚Äôs Gourmet Delights chilled dessert brand Australia -> 6",
              "search:serper:Priestley‚Äôs Gourmet Delights shopper insight AU -> 6",
              "search:serper:Priestley‚Äôs Gourmet Delights retail distribution Australia -> 6",
              "search:serper:The Wicked Sisters vs Priestley‚Äôs Gourmet Delights -> 6",
              "search:serper:The Wicked Sisters and Priestley‚Äôs Gourmet Delights market share -> 6",
              "search:serper:The Wicked Sisters Priestley‚Äôs Gourmet Delights comparison Australia -> 6",
              "search:serper:Jillian's Cakery brand overview AU -> 6",
              "search:serper:Jillian's Cakery chilled dessert brand Australia -> 6",
              "search:serper:Jillian's Cakery shopper insight AU -> 6",
              "search:serper:Jillian's Cakery retail distribution Australia -> 6",
              "search:serper:The Wicked Sisters vs Jillian's Cakery -> 6",
              "search:serper:The Wicked Sisters and Jillian's Cakery market share -> 6",
              "search:serper:The Wicked Sisters Jillian's Cakery comparison Australia -> 6",
              "search:serper:Belle Fleur brand overview AU -> 6",
              "search:serper:Belle Fleur chilled dessert brand Australia -> 6",
              "search:serper:Belle Fleur shopper insight AU -> 6",
              "search:serper:Belle Fleur retail distribution Australia -> 6",
              "search:serper:The Wicked Sisters vs Belle Fleur -> 6",
              "search:serper:The Wicked Sisters and Belle Fleur market share -> 6",
              "search:serper:The Wicked Sisters Belle Fleur comparison Australia -> 6",
              "search:serper:Beak & Johnston brand overview AU -> 6",
              "search:serper:Beak & Johnston chilled dessert brand Australia -> 6",
              "search:serper:Beak & Johnston shopper insight AU -> 6",
              "search:serper:Beak & Johnston retail distribution Australia -> 6",
              "search:serper:The Wicked Sisters vs Beak & Johnston -> 6",
              "search:serper:The Wicked Sisters and Beak & Johnston market share -> 6",
              "search:serper:The Wicked Sisters Beak & Johnston comparison Australia -> 6",
              "search:serper:Carman's brand overview AU -> 6",
              "search:serper:Carman's chilled dessert brand Australia -> 6",
              "search:serper:Carman's shopper insight AU -> 6",
              "search:serper:Carman's retail distribution Australia -> 6",
              "search:serper:The Wicked Sisters vs Carman's -> 6",
              "search:serper:The Wicked Sisters and Carman's market share -> 6",
              "search:serper:The Wicked Sisters Carman's comparison Australia -> 6",
              "search:serper:Pauls PLUS+ brand overview AU -> 6",
              "search:serper:Pauls PLUS+ chilled dessert brand Australia -> 6",
              "search:serper:Pauls PLUS+ shopper insight AU -> 6",
              "search:serper:Pauls PLUS+ retail distribution Australia -> 6",
              "search:serper:The Wicked Sisters vs Pauls PLUS+ -> 6",
              "search:serper:The Wicked Sisters and Pauls PLUS+ market share -> 6",
              "editorial:success",
              "catType=GENERIC",
              "liquorSub=UNKNOWN",
              "assured=false",
              "promos_collected=83",
              "benchmarks={\"heroPrize\":{\"median\":35.5,\"mode\":1},\"cadenceShare\":{\"instant\":0.35294117647058826,\"weekly\":0.23529411764705882,\"daily\":0.4117647058823529},\"manyWinnersShare\":0,\"prizeCountsObserved\":{\"total\":10,\"common\":[{\"count\":1,\"share\":0.2},{\"count\":150,\"share\":0.2},{\"count\":3,\"share\":0.1}]},\"recommendedHeroCount\":3,\"positionVsMarket\":\"UNKNOWN\"}"
            ],
            "cachedAt": "2025-11-01T07:36:39.136Z"
          },
          "insights": {
            "brand": [
              {
                "text": "Wicked Sister x Wicked ‚Äî Purchase any two packs of Wicked Sister Products for your chance to instantly win a movie ticket!",
                "source": "wickedsisterwin.com.au"
              },
              {
                "text": "FAQs - Wicked Sister x Wicked ‚Äî Buy any 2 packs of Wicked Sister products in one transaction from a Woolworths store during the Woolworths Exclusive promotion period. Then go ...",
                "source": "wickedsisterwin.com.au"
              },
              {
                "text": "Wicked Sister: Home Page ‚Äî Enjoy wickedly delicious desserts designed for everyday indulgence by Wicked Sister. Explore our wicked range, try recipes and find stockists here.",
                "source": "wickedsister.com.au"
              }
            ],
            "audience": [
              {
                "text": "Wicked Sister goes 'For Good' with new Wicked-inspired ... ‚Äî Chilled dessert brand Wicked Sister has launched limited-edition dessert pots inspired by Wicked: For Good film set to premiere next month.",
                "source": "insidefmcg.com.au"
              },
              {
                "text": "Paul Polly from Wicked Sister | Determined to succeed ‚Äî This is the story of Paul Polly and Wicked Sister desserts. Learn how he went from one pot to a $12 million factory.",
                "source": "nab.com.au"
              },
              {
                "text": "Wicked Sister bulks up protein pudding pack size ‚Äî With 15 grams of protein per serving and available in chocolate, strawberry, banana, along with a new vanilla flavour, these join the wider 170 ...",
                "source": "foodanddrinkbusiness.com.au"
              }
            ],
            "retailers": [
              {
                "text": "Shop Wicked Sister Products Online ‚Äî Spend $20 in one transaction, scan your Flybuys and receive one bonus ... Coles Online - Hawthorn East, Victoria Australia 3123 ¬© Copyright Coles 2025 ...",
                "source": "coles.com.au"
              },
              {
                "text": "Shop Wicked Products Online ‚Äî Wicked Sister High Protein Chocolate Pudding | 170g. Wicked Sister High Protein Chocolate Pudding | 170g. $3.30. $1.94 per 100g.",
                "source": "coles.com.au"
              },
              {
                "text": "Shop Wicked Sister Products Online ‚Äî Shop your way at Coles. Our range of Wicked Sister products at everyday low prices you know and trust. Shop online and get home delivery or click and ...",
                "source": "coles.com.au"
              },
              {
                "text": "Browse Frozen Desserts ‚Äî Frozen Desserts ; Sara Lee Lemon Cheesecake | 410g ¬∑ $2.20 per 100g ; Sara Lee Frozen Chocolate Buttercake | 350g ¬∑ $2.57 per 100g ; Sara Lee ...",
                "source": "coles.com.au"
              }
            ],
            "market": [
              {
                "text": "Bridging the gap: Trends and challenges in grocery and retail ‚Äî With consumers increasingly seeking convenience, food-to-go and meal solutions are becoming increasingly popular. While many grocery retailers ...",
                "source": "retail.org.au"
              },
              {
                "text": "Supermarkets and Grocery Stores in Australia ‚Äî Trends and Insights ¬∑ ACCC's supermarket inquiry has highlighted key industry dynamics. ¬∑ Changing consumer trends are causing a shift in store product mixes.",
                "source": "ibisworld.com"
              },
              {
                "text": "Australian Retail Outlook 2025 ‚Äî Retail sector trends and insights for 2025, including digital evolution, customer experience, sustainability and supply chain optimisation.",
                "source": "kpmg.com"
              }
            ],
            "signals": [
              {
                "text": "Client: Wicked Sister",
                "source": "brief"
              },
              {
                "text": "Brand: Wicked Sister",
                "source": "brief"
              },
              {
                "text": "Campaign objective: Drive two-pack purchases and capture opted-in dessert fans before the Wicked film release.",
                "source": "brief"
              },
              {
                "text": "Promotion type: INSTANT_WIN",
                "source": "brief"
              }
            ],
            "competitors": [
              {
                "text": "Brief competitor: Streets",
                "source": "brief"
              },
              {
                "text": "Rokeby Farms Chocolate Protein Smoothie 6 x 425ml ‚Äî Rokeby Farms Chocolate Protein Smoothie 6 x 425ml is a protein drink providing all 9 essential amino acids while providing sustained energy and fullness.",
                "source": "costco.com.au"
              },
              {
                "text": "Rokeby Farms ‚Äî All Rokeby Farms products are now available with Subscribe & Save ¬∑ Enjoy 5% off on every recurring order!",
                "source": "bulkeatswarehouse.com.au"
              },
              {
                "text": "Rokeby Nutrition ‚Äî Rokeby is a nutrition food company based in Melbourne. We make a range of award-winning dairy products to enjoy as part of a healthy lifestyle.",
                "source": "rokebynutrition.com"
              }
            ]
          },
          "dossier": {
            "brandTruths": [
              {
                "text": "Wicked Sister is leveraging the excitement of the upcoming 'Wicked: For Good' film by launching a limited-edition dessert pot range, aiming to drive consumer engagement through a movie-themed promotion.",
                "source": "insidefmcg.com.au"
              },
              {
                "text": "The brand's promotion offers an instant win mechanic, where purchasing two packs of Wicked Sister products gives consumers a chance to win movie tickets, effectively incentivizing multi-pack purchases.",
                "source": "wickedsisterwin.com.au"
              }
            ],
            "shopperTensions": [
              {
                "text": "Consumers are increasingly seeking convenience and indulgence, yet face cost-of-living pressures that may limit discretionary spending on premium desserts.",
                "source": "retail.org.au"
              },
              {
                "text": "While Wicked Sister positions itself as an everyday indulgence, the need to balance health-conscious choices with indulgence may create tension for health-aware consumers.",
                "source": "wickedsister.com.au"
              }
            ],
            "retailerReality": [
              {
                "text": "Coles and Woolworths dominate the retail landscape, with exclusive promotions like the Wicked Sister x Wicked campaign running through Woolworths, highlighting the retailer's clout in driving brand visibility.",
                "source": "coles.com.au"
              },
              {
                "text": "Freezer congestion in major supermarkets can limit shelf space for new product launches, making strategic partnerships with retailers crucial for visibility.",
                "source": "woolworths.com.au"
              }
            ],
            "competitorMoves": [
              {
                "text": "Rokeby Farms is expanding its product range with high-protein offerings, appealing to health-conscious consumers and potentially diverting attention from indulgent dessert options.",
                "source": "rokebynutrition.com"
              },
              {
                "text": "Competitors like Streets continue to maintain strong market presence, emphasizing the need for Wicked Sister to differentiate through unique promotions and partnerships.",
                "source": "brief"
              }
            ],
            "categorySignals": [
              {
                "text": "The frozen desserts market is projected to grow significantly, with a CAGR of approximately 5.4% from 2024 to 2034, indicating a robust opportunity for brands like Wicked Sister to capture market share.",
                "source": "globalinsightservices.com"
              },
              {
                "text": "The Australian ice cream market is expected to grow at a slower pace, with a 1.51% CAGR, suggesting that innovation and unique marketing strategies will be key to driving growth in the frozen dessert segment.",
                "source": "expertmarketresearch.com.au"
              }
            ],
            "benchmarks": []
          }
        },
        "benchmarks": {
          "cashback": {
            "sample": 0,
            "typicalAbs": null,
            "maxAbs": null,
            "typicalPct": null,
            "maxPct": null,
            "sources": []
          },
          "prizeCountsObserved": {
            "total": 0,
            "common": []
          },
          "recommendedHeroCount": 3,
          "cashbackIsCompetitive": "UNKNOWN"
        },
        "authoritative": {
          "assured_value": false,
          "has_major_prize": false,
          "prize_presence": "BREADTH_ONLY",
          "instant_win": true
        },
        "breadth_prize": {
          "count": 2010,
          "labelHint": "~17 winners a day"
        },
        "handoff": {
          "research_provided": true,
          "do_not_research": true,
          "prohibitions": []
        }
      }
    },
    "evaluation": {
      "content": "Verdict ‚Äî This promotion remains a NO-GO as it currently fails to bridge consumer cost sensitivity with perceived indulgence value, overshadowing the instant win excitement with inadequate prize breadth. Why it works ‚Äî Wicked Sister leverages the cultural moment of 'Wicked: For Good' to align with family movie nights, capturing the emotional high of communal experiences (Source: insidefmcg.com.au). This speaks to the consumer‚Äôs desire for convenient yet indulgent treats, tapping into the seasonal surge for lighter dessert options (Source: retail.org.au). Where it breaks ‚Äî The current mechanic struggles with the balance between indulgence and perceived health value, alienating health-aware consumers (Source: wickedsister.com.au). Additionally, the single ticket prize fails to deliver the high perceived value expected from a family-centric promotion. Fix it ‚Äî Transition to double passes, ensuring the perceived value aligns with shared family experiences; acknowledge the halving of winner count to approximately 1005 for clarity and transparency. Retailer reality ‚Äî The promotion dovetails with high-traffic retailers like Coles and Woolworths, maintaining brand visibility without burdening store teams, and leverages pre-existing promotional channels (Source: woolworths.com.au). Tighten ‚Äî Communicate the double pass upgrade across all consumer-facing channels, reinforcing the enhanced value. Stretch ‚Äî Integrate movie-themed digital engagement, like cinema trivia, to deepen the experiential hook without store-level strain. Hook upgrade ‚Äî ‚ÄúDouble the Movie Magic‚Äù fails to highlight the experiential richness of the prize; the angle should emphasize shared experiences and immediate delight. Hook shortlist ‚Äî - ‚ÄúTwo Desserts. Two Tickets.‚Äù - ‚ÄúMovie Night for Two.‚Äù - ‚ÄúCinema Nights, Doubled Delight.‚Äù - ‚ÄúShare the Movie Magic.‚Äù - ‚ÄúTwice the Fun, Double the Seats.‚Äù Measurement ‚Äî Track redemption rate of double passes against initial single ticket uptake. Pack line ‚Äî ‚ÄúDouble Your Movie Magic‚Äù Staff line ‚Äî ‚ÄúEnjoy two movie tickets with your desserts.‚Äù\n\nKey campaign-specific directives:\n‚Ä¢ shopper tension: Consumers are increasingly seeking convenience and indulgence, yet face cost-of-living pressures that may limit discretionary spending on premium desserts. (retail.org.au)\n‚Ä¢ shopper tension: While Wicked Sister positions itself as an everyday indulgence, the need to balance health-conscious choices with indulgence may create tension for health-aware consumers. (wickedsister.com.au)\n‚Ä¢ brand truth: Wicked Sister is leveraging the excitement of the upcoming 'Wicked: For Good' film by launching a limited-edition dessert pot range, aiming to drive consumer engagement through a movie-themed promotion. (insidefmcg.com.au)",
      "raw": "Verdict ‚Äî This promotion remains a NO-GO as it currently fails to bridge consumer cost sensitivity with perceived indulgence value, overshadowing the instant win excitement with inadequate prize breadth. Why it works ‚Äî Wicked Sister leverages the cultural moment of 'Wicked: For Good' to align with family movie nights, capturing the emotional high of communal experiences (Source: insidefmcg.com.au). This speaks to the consumer‚Äôs desire for convenient yet indulgent treats, tapping into the seasonal surge for lighter dessert options (Source: retail.org.au). Where it breaks ‚Äî The current mechanic struggles with the balance between indulgence and perceived health value, alienating health-aware consumers (Source: wickedsister.com.au). Additionally, the single ticket prize fails to deliver the high perceived value expected from a family-centric promotion. Fix it ‚Äî Transition to double passes, ensuring the perceived value aligns with shared family experiences; acknowledge the halving of winner count to approximately 1005 for clarity and transparency. Retailer reality ‚Äî The promotion dovetails with high-traffic retailers like Coles and Woolworths, maintaining brand visibility without burdening store teams, and leverages pre-existing promotional channels (Source: woolworths.com.au). Tighten ‚Äî Communicate the double pass upgrade across all consumer-facing channels, reinforcing the enhanced value. Stretch ‚Äî Integrate movie-themed digital engagement, like cinema trivia, to deepen the experiential hook without store-level strain. Hook upgrade ‚Äî ‚ÄúDouble the Movie Magic‚Äù fails to highlight the experiential richness of the prize; the angle should emphasize shared experiences and immediate delight. Hook shortlist ‚Äî - ‚ÄúTwo Desserts. Two Tickets.‚Äù - ‚ÄúMovie Night for Two.‚Äù - ‚ÄúCinema Nights, Doubled Delight.‚Äù - ‚ÄúShare the Movie Magic.‚Äù - ‚ÄúTwice the Fun, Double the Seats.‚Äù Measurement ‚Äî Track redemption rate of double passes against initial single ticket uptake. Pack line ‚Äî ‚ÄúDouble Your Movie Magic‚Äù Staff line ‚Äî ‚ÄúEnjoy two movie tickets with your desserts.‚Äù\n\nKey campaign-specific directives:\n‚Ä¢ shopper tension: Consumers are increasingly seeking convenience and indulgence, yet face cost-of-living pressures that may limit discretionary spending on premium desserts. (retail.org.au)\n‚Ä¢ shopper tension: While Wicked Sister positions itself as an everyday indulgence, the need to balance health-conscious choices with indulgence may create tension for health-aware consumers. (wickedsister.com.au)\n‚Ä¢ brand truth: Wicked Sister is leveraging the excitement of the upcoming 'Wicked: For Good' film by launching a limited-edition dessert pot range, aiming to drive consumer engagement through a movie-themed promotion. (insidefmcg.com.au)",
      "sanitized": "Verdict ‚Äî This promotion remains a NO-GO as it currently fails to bridge consumer cost sensitivity with perceived indulgence value, overshadowing the instant win excitement with inadequate prize breadth. Why it works ‚Äî Wicked Sister leverages the cultural moment of 'Wicked: For Good' to align with family movie nights, capturing the emotional high of communal experiences (Source: insidefmcg.com.au). This speaks to the consumer‚Äôs desire for convenient yet indulgent treats, tapping into the seasonal surge for lighter dessert options (Source: retail.org.au). Where it breaks ‚Äî The current mechanic struggles with the balance between indulgence and perceived health value, alienating health-aware consumers (Source: wickedsister.com.au). Additionally, the single ticket prize fails to deliver the high perceived value expected from a family-centric promotion. Fix it ‚Äî Transition to double passes, ensuring the perceived value aligns with shared family experiences; acknowledge the halving of winner count to approximately 1005 for clarity and transparency. Retailer reality ‚Äî The promotion dovetails with high-traffic retailers like Coles and Woolworths, maintaining brand visibility without burdening store teams, and leverages pre-existing promotional channels (Source: woolworths.com.au). Tighten ‚Äî Communicate the double pass upgrade across all consumer-facing channels, reinforcing the enhanced value. Stretch ‚Äî Integrate movie-themed digital engagement, like cinema trivia, to deepen the experiential hook without store-level strain. Hook upgrade ‚Äî ‚ÄúDouble the Movie Magic‚Äù fails to highlight the experiential richness of the prize; the angle should emphasize shared experiences and immediate delight. Hook shortlist ‚Äî - ‚ÄúTwo Desserts. Two Tickets.‚Äù - ‚ÄúMovie Night for Two.‚Äù - ‚ÄúCinema Nights, Doubled Delight.‚Äù - ‚ÄúShare the Movie Magic.‚Äù - ‚ÄúTwice the Fun, Double the Seats.‚Äù Measurement ‚Äî Track redemption rate of double passes against initial single ticket uptake. Pack line ‚Äî ‚ÄúDouble Your Movie Magic‚Äù Staff line ‚Äî ‚ÄúEnjoy two movie tickets with your desserts.‚Äù Key campaign-specific directives:\n‚Ä¢ shopper tension: Consumers are increasingly seeking convenience and indulgence, yet face cost-of-living pressures that may limit discretionary spending on premium desserts. (retail.org.au)\n‚Ä¢ shopper tension: While Wicked Sister positions itself as an everyday indulgence, the need to balance health-conscious choices with indulgence may create tension for health-aware consumers. (wickedsister.com.au)\n‚Ä¢ brand truth: Wicked Sister is leveraging the excitement of the upcoming 'Wicked: For Good' film by launching a limited-edition dessert pot range, aiming to drive consumer engagement through a movie-themed promotion. (insidefmcg.com.au)",
      "meta": {
        "stance": "BOLD",
        "model": {
          "json": "gpt-4o",
          "prose": "gpt-4o"
        },
        "temp": {
          "json": 0.55,
          "prose": 0.95
        },
        "scoreboard": {
          "objectiveFit": {
            "status": "AMBER",
            "why": "Objective not crisply named or spread across too many aims.",
            "fix": "Change-from: diffuse aims. ‚Üí Change-to: one KPI (e.g., +8‚Äì12% ROS) and shape comms/value to it."
          },
          "hookStrength": {
            "status": "AMBER",
            "why": "Hook exists (‚ÄúWin a Movie Ticket Instantly‚Äù) but needs tightening and brand-locking; a sharper variant is proposed (‚ÄúDouble the Movie Magic‚Äù).",
            "fix": "Change-from: long/soft hook (‚ÄúWin a Movie Ticket Instantly‚Äù). ‚Üí Change-to: 2‚Äì6 words, brand-locked, used on pack and the first screen."
          },
          "mechanicFit": {
            "status": "GREEN",
            "why": "Mechanic defined: Buy 2 products, upload receipt, win instantly."
          },
          "frequencyPotential": {
            "status": "AMBER",
            "why": "Repeat rhythm not explicit for this format.",
            "fix": "Change-from: one-off entry. ‚Üí Change-to: light weekly moment + bonus entries at 2 and 4 units."
          },
          "friction": {
            "status": "RED",
            "why": "Entry is genuinely onerous (mail-in or multi-proof at first step). This will suppress trial.",
            "fix": "Remove mail-in / first-step proof / multi-upload. Make first touch minimal; shift verification post-entry."
          },
          "rewardShape": {
            "status": "AMBER",
            "why": "Expected buyers/entries not provided; adequacy judged via cadence and visibility. Requires: Provide expected buyers/entries (range).",
            "fix": "Publish ‚ÄúTotal winners‚Äù, clarify cadence, and provide expected buyers/entries for a firmer read."
          },
          "retailerReadiness": {
            "status": "AMBER",
            "why": "Retailers named (Coles, Woolworths, ALDI, IGA, 7-Eleven). Keep staff workload near zero.",
            "fix": "Change-from: loose POS (Coles, Woolworths, ALDI, IGA, 7-Eleven). ‚Üí Change-to: pre-packed POS kits; no staff adjudication; central processing."
          },
          "complianceRisk": {
            "status": "GREEN",
            "why": "Standard trade promo guardrails."
          },
          "fulfilment": {
            "status": "GREEN",
            "why": "Central fulfilment looks straightforward."
          },
          "kpiRealism": {
            "status": "AMBER",
            "why": "Entry band not named; prize/media not back-solved to that range.",
            "fix": "Change-from: no entry band. ‚Üí Change-to: set range, back-solve media and ops to it."
          },
          "decision": "NO-GO",
          "conditions": "Make breadth/cadence visible; consider pairing single-admit rewards; publish ‚ÄúTotal winners‚Äù; confirm POS. Provide: Provide expected buyers/entries (range).. Remove mail-in / first-step proof / multi-upload. Make first touch minimal; shift verification post-entry. Change-from: diffuse aims. ‚Üí Change-to: one KPI (e.g., +8‚Äì12% ROS) and shape comms/value to it. Change-from: long/soft hook (‚ÄúWin a Movie Ticket Instantly‚Äù). ‚Üí Change-to: 2‚Äì6 words, brand-locked, used on pack and the first screen. Change-from: one-off entry. ‚Üí Change-to: light weekly moment + bonus entries at 2 and 4 units. Change-from: loose POS (Coles, Woolworths, ALDI, IGA, 7-Eleven). ‚Üí Change-to: pre-packed POS kits; no staff adjudication; central processing. Change-from: no entry band. ‚Üí Change-to: set range, back-solve media and ops to it. Asks: Provide expected buyers/entries (range).."
        },
        "ruleFlex": "KEEP",
        "ui": {
          "hook": "Double the Movie Magic",
          "hookOptions": [
            "double the movie magic",
            "movie night for two ‚Äî 1,000 double passes.",
            "two desserts. two seats. every hour.",
            "dessert doubles your tickets.",
            "upload & share the cinema night."
          ],
          "mechanic": "Buy 2 products, upload receipt, win instantly",
          "verdict": "NO-GO",
          "atAGlance": [
            {
              "key": "objectiveFit",
              "label": "Objective fit",
              "status": "AMBER",
              "why": "Objective not crisply named or spread across too many aims.",
              "fix": "Change-from: diffuse aims. ‚Üí Change-to: one KPI (e.g., +8‚Äì12% ROS) and shape comms/value to it."
            },
            {
              "key": "hookStrength",
              "label": "Hook strength",
              "status": "AMBER",
              "why": "Hook exists (‚ÄúWin a Movie Ticket Instantly‚Äù) but needs tightening and brand-locking; a sharper variant is proposed (‚ÄúDouble the Movie Magic‚Äù).",
              "fix": "Change-from: long/soft hook (‚ÄúWin a Movie Ticket Instantly‚Äù). ‚Üí Change-to: 2‚Äì6 words, brand-locked, used on pack and the first screen."
            },
            {
              "key": "mechanicFit",
              "label": "Entry mechanic",
              "status": "GREEN",
              "why": "Mechanic defined: Buy 2 products, upload receipt, win instantly."
            },
            {
              "key": "frequencyPotential",
              "label": "Repeat potential",
              "status": "AMBER",
              "why": "Repeat rhythm not explicit for this format.",
              "fix": "Change-from: one-off entry. ‚Üí Change-to: light weekly moment + bonus entries at 2 and 4 units."
            },
            {
              "key": "friction",
              "label": "Hassle to enter",
              "status": "RED",
              "why": "Entry is genuinely onerous (mail-in or multi-proof at first step). This will suppress trial.",
              "fix": "Remove mail-in / first-step proof / multi-upload. Make first touch minimal; shift verification post-entry."
            },
            {
              "key": "rewardShape",
              "label": "How the value feels",
              "status": "AMBER",
              "why": "Expected buyers/entries not provided; adequacy judged via cadence and visibility. Requires: Provide expected buyers/entries (range).",
              "fix": "Publish ‚ÄúTotal winners‚Äù, clarify cadence, and provide expected buyers/entries for a firmer read."
            },
            {
              "key": "retailerReadiness",
              "label": "Retailer readiness",
              "status": "AMBER",
              "why": "Retailers named (Coles, Woolworths, ALDI, IGA, 7-Eleven). Keep staff workload near zero.",
              "fix": "Change-from: loose POS (Coles, Woolworths, ALDI, IGA, 7-Eleven). ‚Üí Change-to: pre-packed POS kits; no staff adjudication; central processing."
            },
            {
              "key": "complianceRisk",
              "label": "Compliance risk",
              "status": "GREEN",
              "why": "Standard trade promo guardrails."
            },
            {
              "key": "fulfilment",
              "label": "Fulfilment",
              "status": "GREEN",
              "why": "Central fulfilment looks straightforward."
            },
            {
              "key": "kpiRealism",
              "label": "KPI realism",
              "status": "AMBER",
              "why": "Entry band not named; prize/media not back-solved to that range.",
              "fix": "Change-from: no entry band. ‚Üí Change-to: set range, back-solve media and ops to it."
            }
          ],
          "trade": {
            "priority": "LOW",
            "table": []
          },
          "reflective": false,
          "hideScoreboard": true,
          "assuredValue": false,
          "offerIQ": {
            "score": 4.8,
            "verdict": "REVIEW",
            "confidence": 0.5,
            "lenses": {
              "adequacy": {
                "score": 4.5,
                "why": "Expected buyers/entries not provided; adequacy judged via cadence and visibility.",
                "fix": "Add: expected buyers/entries and total winners, or show ‚ÄúTotal winners‚Äù and cadence in communications."
              },
              "simplicity": {
                "score": 6.5,
                "why": "Some admin implied (fields/proof or wait time).",
                "fix": "Keep claim one-screen; limit fields; good OCR; publish timelines."
              },
              "certainty": {
                "score": 3.7,
                "why": "Perceived odds unclear; cadence thin.",
                "fix": "Show cadence and ‚ÄúTotal winners‚Äù; avoid fine print that hides odds."
              },
              "salience": {
                "score": 4,
                "why": "Needs a visible moment or total-winners headline.",
                "fix": "Publish ‚ÄúTotal winners‚Äù and name the cadence; add a bold moment line."
              },
              "talkability": {
                "score": 5,
                "why": "Seasonal hook helps.",
                "fix": "Add a brand-right experiential or symbolic angle."
              },
              "retailerFit": {
                "score": 6,
                "why": "Ensure any adjudication is central; ship pre-packed POS.",
                "fix": "Keep staff script ‚â§5s; no in-store adjudication."
              },
              "brandFit": {
                "score": 5,
                "why": "Feels generic; weak brand lock.",
                "fix": "Lock line and visuals to distinctive assets and the brand‚Äôs functional truth."
              }
            },
            "hardFlags": [],
            "recommendations": [
              "Add: expected buyers/entries and total winners, or show ‚ÄúTotal winners‚Äù and cadence in communications.",
              "Keep claim one-screen; limit fields; good OCR; publish timelines.",
              "Publish ‚ÄúTotal winners‚Äù and name the cadence; add a bold moment line.",
              "Publish ‚ÄúTotal winners‚Äù and show cadence prominently.",
              "Add visible cadence (instant or weekly) to match in-market fairness signals."
            ],
            "asks": [
              "Provide expected buyers/entries (range)."
            ],
            "mode": "PRIZE",
            "diagnostics": {
              "valueAmount": 0,
              "aspAnchor": 100,
              "expectedBuyers": null,
              "totalWinners": 2010,
              "coverageRate": null,
              "cadenceSignals": false,
              "symbolicSignals": false,
              "headlineMax": 0,
              "banded": false,
              "overlay": false,
              "overlayExperiential": false,
              "overlayLabel": "",
              "researchBenchmarks": {
                "heroPrize": {
                  "median": 35.5,
                  "mode": 1
                },
                "cadenceShare": {
                  "instant": 0.3529411764705883,
                  "weekly": 0.2352941176470588,
                  "daily": 0.4117647058823529
                },
                "manyWinnersShare": 0,
                "prizeCountsObserved": {
                  "total": 10,
                  "common": [
                    {
                      "count": 1,
                      "share": 0.2
                    },
                    {
                      "count": 150,
                      "share": 0.2
                    },
                    {
                      "count": 3,
                      "share": 0.1
                    }
                  ]
                },
                "recommendedHeroCount": 3,
                "positionVsMarket": "UNKNOWN"
              },
              "cashbackVsMarket": "UNKNOWN",
              "heroVsMarket": "UNKNOWN"
            }
          },
          "research": {
            "brand": {
              "query": "The Wicked Sisters",
              "summary": "The Wicked Sisters is a Russian fairy tale collected by Alexander Afanasyev in Narodnye russkie skazki.",
              "facts": [
                {
                  "claim": "Wicked Sister x Wicked ‚Äî Purchase any two packs of Wicked Sister Products for your chance to instantly win a movie ticket!",
                  "source": "Source: wickedsisterwin.com.au (https://wickedsisterwin.com.au/)"
                },
                {
                  "claim": "FAQs - Wicked Sister x Wicked ‚Äî Buy any 2 packs of Wicked Sister products in one transaction from a Woolworths store during the Woolworths Exclusive promotion period. Then go ...",
                  "source": "Source: wickedsisterwin.com.au (https://wickedsisterwin.com.au/faq)"
                },
                {
                  "claim": "Wicked Sister: Home Page ‚Äî Enjoy wickedly delicious desserts designed for everyday indulgence by Wicked Sister. Explore our wicked range, try recipes and find stockists here.",
                  "source": "Source: wickedsister.com.au (https://www.wickedsister.com.au/)"
                }
              ]
            },
            "audience": {
              "notes": "Primary grocery buyers ‚Ä¢ They reward the family with purposeful treats that feel magical but still practical. ‚Ä¢ Plans movie nights, shares dessert finds on social, responds to retailer app notifications.",
              "facts": [
                {
                  "claim": "Wicked Sister goes 'For Good' with new Wicked-inspired ... ‚Äî Chilled dessert brand Wicked Sister has launched limited-edition dessert pots inspired by Wicked: For Good film set to premiere next month.",
                  "source": "Source: insidefmcg.com.au (https://insidefmcg.com.au/2025/10/13/wicked-sister-goes-for-good-with-new-wicked-inspired-desserts/)"
                },
                {
                  "claim": "Paul Polly from Wicked Sister | Determined to succeed ‚Äî This is the story of Paul Polly and Wicked Sister desserts. Learn how he went from one pot to a $12 million factory.",
                  "source": "Source: nab.com.au (https://www.nab.com.au/business/small-business/moments/business-progress/wickedsister)"
                },
                {
                  "claim": "Wicked Sister bulks up protein pudding pack size ‚Äî With 15 grams of protein per serving and available in chocolate, strawberry, banana, along with a new vanilla flavour, these join the wider 170 ...",
                  "source": "Source: foodanddrinkbusiness.com.au (https://www.foodanddrinkbusiness.com.au/new-in-store/wicked-sister-bulks-up-protein-pudding-pack-size)"
                }
              ]
            },
            "category": {
              "query": "Frozen dessert",
              "summary": "Frozen dessert is a dessert made by freezing liquids, semi-solids, and sometimes solids. They may be based on flavored water, on fruit pur√©es, on milk and cream, on custard, on mousse (semifreddo), and others. It is sometimes sold as ice-cream in South Asia and other countries.",
              "facts": [
                {
                  "claim": "Frozen dessert is a dessert made by freezing liquids, semi-solids, and sometimes solids. They may be based on flavored water, on fruit pur√©es, on milk and cream, on custard, on mousse (semifreddo), and others. It is sometimes sold as ice-cream in South Asia and other countries.",
                  "source": "Source: Wikipedia ‚Äî Frozen dessert (https://en.wikipedia.org/wiki/Frozen%20dessert)"
                },
                {
                  "claim": "Australia Ice Cream Market Share, Growth & Forecast 2030 ‚Äî The Australia Ice Cream Market is projected to witness a CAGR of 2.95% for the forecast period between 2023 and 2030.",
                  "source": "Source: marketsandata.com (https://www.marketsandata.com/industry-reports/australia-ice-cream-market)"
                },
                {
                  "claim": "Australia Ice Cream Market Share, Size, Growth Report ‚Äî The Australia ice cream market, valued at AUD 1407.35 million in 2024, is projected to grow at 1.51% CAGR, reaching AUD 1634.90 million by 2034.",
                  "source": "Source: expertmarketresearch.com.au (https://www.expertmarketresearch.com.au/reports/australia-ice-cream-market)"
                },
                {
                  "claim": "Frozen Desserts Market Size, Growth, Trends and Forecast ‚Äî Frozen Desserts Market is anticipated to expand from $112.9 billion in 2024 to $191.5 billion by 2034, growing at a CAGR of approximately 5.4%.",
                  "source": "Source: globalinsightservices.com (https://www.globalinsightservices.com/reports/frozen-desserts-market/)"
                },
                {
                  "claim": "Frozen Desserts ‚Äî Frozen Desserts ; $9.00. $2.40 / 100G. Sara Lee Chocolate Swirl Bavarian 375g. Promoted ; $7.20. $9.00 $2.00 / 100G. Sara Lee French Cream Cheesecake 360g. 4.5 / ...Read more",
                  "source": "Source: woolworths.com.au (https://www.woolworths.com.au/shop/browse/freezer/frozen-desserts?srsltid=AfmBOor978BnhC9QQ7V61ixEDkNXooZBKeO_izpimvDYa_XMaM_pK2PV)"
                },
                {
                  "claim": "Ice Cream Specials & Offers ‚Äî SAVE $1.90. $7.60. $9.50 $0.76 / 100ML. Sanitarium So Good Vanilla Bliss Frozen Dessert 1L. Add to cart. Save to list. 20% Off. SAVE $3.00. $12.00. $15.00 $2.53 ...Read more",
                  "source": "Source: woolworths.com.au (https://www.woolworths.com.au/shop/browse/freezer/ice-cream/ice-cream-specials?srsltid=AfmBOopklJhi7Q-ODSy445CW1x4bWiwbCJfR-Bf19Nz6h5iPuw5p1RoP)"
                }
              ]
            },
            "competitors": {
              "names": [
                "Rokeby Farms",
                "Priestley‚Äôs Gourmet Delights",
                "Jillian's Cakery",
                "Belle Fleur",
                "Beak & Johnston",
                "Carman's",
                "Pauls PLUS+",
                "Chobani",
                "Sara Lee",
                "Streets",
                "Ferrero Australia",
                "Gelatissimo"
              ],
              "facts": [
                {
                  "claim": "Brief competitor: Streets",
                  "source": "Source: brief"
                },
                {
                  "claim": "Rokeby Farms Chocolate Protein Smoothie 6 x 425ml ‚Äî Rokeby Farms Chocolate Protein Smoothie 6 x 425ml is a protein drink providing all 9 essential amino acids while providing sustained energy and fullness.",
                  "source": "Source: costco.com.au (https://www.costco.com.au/Business-Delivery/Beverages/Other-Drinks/Rokeby-Farms-Chocolate-Protein-Smoothie-6-x-425ml/p/163543_BD)"
                },
                {
                  "claim": "Rokeby Farms ‚Äî All Rokeby Farms products are now available with Subscribe & Save ¬∑ Enjoy 5% off on every recurring order!",
                  "source": "Source: bulkeatswarehouse.com.au (https://bulkeatswarehouse.com.au/collections/rokeby-farms?srsltid=AfmBOor6oarDx_IPDf159c9EL9eQwXX8n14gx1vpjMrGlr10qZ4zQgwm)"
                },
                {
                  "claim": "Rokeby Nutrition ‚Äî Rokeby is a nutrition food company based in Melbourne. We make a range of award-winning dairy products to enjoy as part of a healthy lifestyle.",
                  "source": "Source: rokebynutrition.com (https://rokebynutrition.com/)"
                },
                {
                  "claim": "ROKEBY FARM Archives ‚Äî ROKEBY FARM offers Bold Brew drinks in flavors like Double Shot, Iced Mocha, and Iced Latte, and Protein Smoothies in flavors like Banana Honey & Cinnamon, ...",
                  "source": "Source: coast2coastdistributors.com.au (https://coast2coastdistributors.com.au/product-category/alternate-flavoured-milks/rokeby-farm-alternate-flavoured-milks/)"
                },
                {
                  "claim": "Shop Rokeby Products Online ‚Äî Shop your way at Coles. Our range of Rokeby products at everyday low prices you know and trust. Shop online and get home delivery or ...",
                  "source": "Source: coles.com.au (https://www.coles.com.au/brands/rokeby-811816065?srsltid=AfmBOop9dnVgblMzb0AKajWg_OilDB9BIOzgQmQXynZr2Vt3zHlm3A-e)"
                },
                {
                  "claim": "Rokeby Farms Protein Smoothie - Dutch Chocolate ‚Äî $4.95. Rokeby Farms Whole Protein Smoothie! Loaded with real cocoa for natural chocolate goodness. Ingredients: Filtered low fat milk, cane sugar, cream, dutch ...",
                  "source": "Source: athletesnutrition.com.au (https://athletesnutrition.com.au/products/copy-of-rokeby-farms-protein-smoothie-banana-honey-cinnamon?srsltid=AfmBOopwuArEAMTQsdUswAhgf4qe8xQLZ0MEHrJwVeh5quVK1ZxLYReF)"
                },
                {
                  "claim": "üéâüéâ COMPETITION: To share some smoothie love we are ... ‚Äî COMPETITION: To share some smoothie love we are giving away one lucky Rokeby Farms fan a year's supply of our smoothies! To enter: 1. Like ...",
                  "source": "Source: instagram.com (https://www.instagram.com/p/CTTJ7b1PNIQ/)"
                },
                {
                  "claim": "Competition/Antitrust & Consumer ‚Äî acquisition of a 45% interest in the Made Group (owners of the Cocobella, Rokeby Farms, Impressed Juice and Nutrient Water brands), together with its bottler, ...",
                  "source": "Source: addisons.com (https://addisons.com/capabilities/competition-consumer-antitrust/)"
                },
                {
                  "claim": "Our brands ‚Äî Rokeby is a functional dairy brand offering a range of high quality products that deliver natural straight-up nutrition to smartly power active people through ...",
                  "source": "Source: madegroup.com (https://www.madegroup.com/our-brands)"
                },
                {
                  "claim": "About Rokeby ‚Äî Rokeby products are naturally high in protein, made from fresh locally sourced milk and trusted quality ingredients, to help you smartly power through your day.",
                  "source": "Source: rokebynutrition.com (https://rokebynutrition.com/pages/about-rokeby)"
                },
                {
                  "claim": "Rokeby Farms: Premium protein driving significant growth ‚Äî Rokeby Farms innovative Whole Protein Breakfast Smoothies are made with fresh, cold-filtered milk that contains twice the protein of regular milk and no added ...",
                  "source": "Source: c-store.com.au (https://www.c-store.com.au/rokeby-farms-premium-protein-driving-significant-growth/)"
                }
              ],
              "promos": [
                {
                  "brand": "ROKEBYNUTRITION",
                  "url": "https://rokebynutrition.com/",
                  "source": "Source: rokebynutrition.com (https://rokebynutrition.com/)",
                  "title": "Rokeby Nutrition",
                  "headline": "Rokeby is a nutrition food company based in Melbourne. We make a range of award-winning dairy products to enjoy as part of a healthy lifestyle.",
                  "type": "PRIZE",
                  "heroCount": null,
                  "totalWinners": null,
                  "cadence": null,
                  "prizeItems": [
                    "car",
                    "data",
                    "tv"
                  ],
                  "prizeValueHint": null,
                  "confidence": 0.6,
                  "viaRedemption": false,
                  "giftCard": null
                },
                {
                  "brand": "RMHHOMELOTTERY",
                  "url": "https://www.rmhhomelottery.com.au/pdfs/rmh-mel-2025-2-winners-FA.pdf",
                  "source": "Source: rmhhomelottery.com.au (https://www.rmhhomelottery.com.au/pdfs/rmh-mel-2025-2-winners-FA.pdf)",
                  "title": "Congratulations",
                  "headline": "Congratulations to our. $5.3M Grand Prize winner! Rowena of Swifts Creek (#10134243) has won this fully furnished home in Camberwell. Win big ...",
                  "type": "PRIZE",
                  "heroCount": null,
                  "totalWinners": null,
                  "cadence": null,
                  "prizeItems": [
                    "data",
                    "tv",
                    "car",
                    "cash",
                    "holiday"
                  ],
                  "prizeValueHint": "$39",
                  "confidence": 0.6,
                  "viaRedemption": false,
                  "giftCard": null
                },
                {
                  "brand": "ADDISONS",
                  "url": "https://addisons.com/capabilities/competition-consumer-antitrust/",
                  "source": "Source: addisons.com (https://addisons.com/capabilities/competition-consumer-antitrust/)",
                  "title": "Competition/Antitrust &amp; Consumer | Addisons | Sydney Law Firm",
                  "headline": "Competition/Antitrust &#038; Consumer",
                  "type": "PRIZE",
                  "heroCount": null,
                  "totalWinners": null,
                  "cadence": null,
                  "prizeItems": [
                    "car",
                    "data",
                    "plan"
                  ],
                  "prizeValueHint": "$534",
                  "confidence": 0.6,
                  "viaRedemption": false,
                  "giftCard": null
                },
                {
                  "brand": "DIAA",
                  "url": "https://diaa.asn.au/wp-content/uploads/2019_DIAA_Vic_Results.pdf",
                  "source": "Source: diaa.asn.au (https://diaa.asn.au/wp-content/uploads/2019_DIAA_Vic_Results.pdf)",
                  "title": "DIAA Victorian Dairy Product Competition",
                  "headline": "Rokeby Farms Whole Protein Smoothie. Chocolate. 17.00. Bulla Dairy Foods. Bulla ... Victorian Dairy Product Competitions visit: www.diaa.asn.au. Dairy Industry.",
                  "type": "PRIZE",
                  "heroCount": null,
                  "totalWinners": null,
                  "cadence": null,
                  "prizeItems": [
                    "data",
                    "tv",
                    "car"
                  ],
                  "prizeValueHint": "$06",
                  "confidence": 0.6,
                  "viaRedemption": false,
                  "giftCard": null
                },
                {
                  "brand": "FOODANDDRINKBUSINESS",
                  "url": "https://www.foodanddrinkbusiness.com.au/news/rethinking-the-white-drink",
                  "source": "Source: foodanddrinkbusiness.com.au (https://www.foodanddrinkbusiness.com.au/news/rethinking-the-white-drink)",
                  "title": "Rethinking the white drink - Food &amp; Drink Business",
                  "headline": "Rethinking the white drink",
                  "type": "PRIZE",
                  "heroCount": null,
                  "totalWinners": null,
                  "cadence": null,
                  "prizeItems": [
                    "data",
                    "car",
                    "plan",
                    "tv"
                  ],
                  "prizeValueHint": null,
                  "confidence": 0.6,
                  "viaRedemption": false,
                  "giftCard": null
                },
                {
                  "brand": "Rokeby Farms",
                  "url": "https://www.retailbiz.com.au/offline-retailing/rokeby-farms-premium-protein-driving-significant-growth/",
                  "source": "Source: retailbiz.com.au (https://www.retailbiz.com.au/offline-retailing/rokeby-farms-premium-protein-driving-significant-growth/)",
                  "title": "Rokeby Farms: Premium protein driving significant growth - retailbiz",
                  "headline": "Rokeby Farms sources fresh milk from a selection of farms located in Victoria, which is then delivered to its new manufacturing facility located ...",
                  "type": "PRIZE",
                  "heroCount": null,
                  "totalWinners": null,
                  "cadence": null,
                  "prizeItems": [
                    "car",
                    "data",
                    "plan",
                    "plans",
                    "tv"
                  ],
                  "prizeValueHint": "$10",
                  "confidence": 0.6,
                  "viaRedemption": false,
                  "giftCard": null
                },
                {
                  "brand": "WHATSINSEASON",
                  "url": "https://www.whatsinseason.com.au/blog/turn-fries-into-cash-win-200k/",
                  "source": "Source: whatsinseason.com.au (https://www.whatsinseason.com.au/blog/turn-fries-into-cash-win-200k/)",
                  "title": "Turn Fries into Cash - Win $200K - Welcome - InSeason",
                  "headline": "Turn Fries into Cash &#8211; Win $200K",
                  "type": "PRIZE",
                  "heroCount": null,
                  "totalWinners": null,
                  "cadence": "weekly",
                  "prizeItems": [
                    "data",
                    "cash",
                    "car",
                    "tv"
                  ],
                  "prizeValueHint": "$200",
                  "confidence": 0.6,
                  "viaRedemption": false,
                  "giftCard": null
                },
                {
                  "brand": "PRIESTLEYS-GOURMET",
                  "url": "https://www.priestleys-gourmet.com.au/",
                  "source": "Source: priestleys-gourmet.com.au (https://www.priestleys-gourmet.com.au/)",
                  "title": "Wholesale Cakes, Desserts &amp; Baked Goods for Cafes &amp; Businesses | Priestley&#039;s Gourmet Delights",
                  "headline": "Homepage #New",
                  "type": "PRIZE",
                  "heroCount": null,
                  "totalWinners": null,
                  "cadence": null,
                  "prizeItems": [
                    "data",
                    "car",
                    "tv",
                    "trip"
                  ],
                  "prizeValueHint": null,
                  "confidence": 0.6,
                  "viaRedemption": false,
                  "giftCard": null
                },
                {
                  "brand": "GOURMET-DELIGHTS",
                  "url": "https://gourmet-delights.com.au/",
                  "source": "Source: gourmet-delights.com.au (https://gourmet-delights.com.au/)",
                  "title": "Gourmet Delights &#8211; A Little Bite of Heaven.",
                  "headline": "Your perfect partner for me time moments.",
                  "type": "PRIZE",
                  "heroCount": null,
                  "totalWinners": null,
                  "cadence": null,
                  "prizeItems": [
                    "data",
                    "car"
                  ],
                  "prizeValueHint": null,
                  "confidence": 0.6,
                  "viaRedemption": false,
                  "giftCard": null
                },
                {
                  "brand": "PRIESTLEYS-GOURMET",
                  "url": "https://www.priestleys-gourmet.com.au/blog",
                  "source": "Source: priestleys-gourmet.com.au (https://www.priestleys-gourmet.com.au/blog)",
                  "title": "Priestley&#039;s Blog | Priestley&#039;s Gourmet Delights",
                  "headline": "Priestley&#8217;s Blog",
                  "type": "PRIZE",
                  "heroCount": null,
                  "totalWinners": null,
                  "cadence": null,
                  "prizeItems": [
                    "data",
                    "car",
                    "tv",
                    "holiday",
                    "trip"
                  ],
                  "prizeValueHint": null,
                  "confidence": 0.6,
                  "viaRedemption": false,
                  "giftCard": null
                },
                {
                  "brand": "PRIESTLEYS-GOURMET",
                  "url": "https://www.priestleys-gourmet.com.au/insight/podcasts",
                  "source": "Source: priestleys-gourmet.com.au (https://www.priestleys-gourmet.com.au/insight/podcasts)",
                  "title": "Podcasts | Priestley&#039;s Gourmet Delights",
                  "headline": "Podcasts",
                  "type": "PRIZE",
                  "heroCount": null,
                  "totalWinners": null,
                  "cadence": null,
                  "prizeItems": [
                    "data",
                    "car",
                    "tv",
                    "trip"
                  ],
                  "prizeValueHint": null,
                  "confidence": 0.6,
                  "viaRedemption": false,
                  "giftCard": null
                },
                {
                  "brand": "COURIERMAIL",
                  "url": "https://www.couriermail.com.au/news/national/back-australia/how-priestleys-gourmet-delights-thrives-with-automation-while-supporting-more-australian-jobs/news-story/9b8e562ce4d2b5c64e80fb04cd3c62b2",
                  "source": "Source: couriermail.com.au (https://www.couriermail.com.au/news/national/back-australia/how-priestleys-gourmet-delights-thrives-with-automation-while-supporting-more-australian-jobs/news-story/9b8e562ce4d2b5c64e80fb04cd3c62b2)",
                  "title": "No Cookies | The Courier Mail",
                  "headline": "No Cookies",
                  "type": "PRIZE",
                  "heroCount": null,
                  "totalWinners": null,
                  "cadence": null,
                  "prizeItems": [
                    "car",
                    "data",
                    "plan",
                    "tv"
                  ],
                  "prizeValueHint": null,
                  "confidence": 0.6,
                  "viaRedemption": false,
                  "giftCard": null
                },
                {
                  "brand": "Jillian's Cakery",
                  "url": "https://www.easyweddings.com.au/WeddingCakes/Sydney/JilliansCakery/",
                  "source": "Source: easyweddings.com.au (https://www.easyweddings.com.au/WeddingCakes/Sydney/JilliansCakery/)",
                  "title": "Jillian&#39;s Cakery - Wedding Cakes Surry Hills | Easy Weddings",
                  "headline": "Jillian&#39;s Cakery",
                  "type": "PRIZE",
                  "heroCount": null,
                  "totalWinners": null,
                  "cadence": null,
                  "prizeItems": [
                    "data",
                    "tv",
                    "car",
                    "plan",
                    "cash"
                  ],
                  "prizeValueHint": null,
                  "confidence": 0.6,
                  "viaRedemption": false,
                  "giftCard": null
                },
                {
                  "brand": "Jillian's Cakery",
                  "url": "https://www.sydneycakery.com.au/product/jillians-cakery-online-gift-card-redeemable-online-only/",
                  "source": "Source: sydneycakery.com.au (https://www.sydneycakery.com.au/product/jillians-cakery-online-gift-card-redeemable-online-only/)",
                  "title": "Jillian&#039;s Cakery Online Gift Card (redeemable online only) &#183; Sydney Cakery",
                  "headline": "Jillian&#8217;s Cakery Online Gift Card (redeemable online only)",
                  "type": "PRIZE",
                  "heroCount": null,
                  "totalWinners": null,
                  "cadence": null,
                  "prizeItems": [
                    "gift card",
                    "car",
                    "data",
                    "tv",
                    "trip",
                    "plan",
                    "cash",
                    "giftcard"
                  ],
                  "prizeValueHint": "$10",
                  "confidence": 0.6,
                  "viaRedemption": false,
                  "giftCard": null
                },
                {
                  "brand": "THATGIRLFROMSYDNEY",
                  "url": "https://thatgirlfromsydney.com/2020/02/27/who-is-jillian-and-what-does-she-do/",
                  "source": "Source: thatgirlfromsydney.com (https://thatgirlfromsydney.com/2020/02/27/who-is-jillian-and-what-does-she-do/)",
                  "title": "Who Is Jillian And What Does She Do? &#8211; That Girl from Sydney",
                  "headline": "Who Is Jillian And What Does She&nbsp;Do?",
                  "type": "PRIZE",
                  "heroCount": null,
                  "totalWinners": null,
                  "cadence": null,
                  "prizeItems": [
                    "car",
                    "data",
                    "plan",
                    "tv"
                  ],
                  "prizeValueHint": null,
                  "confidence": 0.6,
                  "viaRedemption": false,
                  "giftCard": null
                },
                {
                  "brand": "Jillian's Cakery",
                  "url": "https://www.theurbanlist.com/sydney/directory/jillian-s-cakery",
                  "source": "Source: theurbanlist.com (https://www.theurbanlist.com/sydney/directory/jillian-s-cakery)",
                  "title": "Jillian's Cakery | URBAN LIST SYDNEY",
                  "headline": "Jillian‚Äôs Cakery",
                  "type": "PRIZE",
                  "heroCount": null,
                  "totalWinners": null,
                  "cadence": null,
                  "prizeItems": [
                    "tv",
                    "data",
                    "car"
                  ],
                  "prizeValueHint": null,
                  "confidence": 0.6,
                  "viaRedemption": false,
                  "giftCard": null
                },
                {
                  "brand": "YOUTUBE",
                  "url": "https://www.youtube.com/c/jillianbutler",
                  "source": "Source: youtube.com (https://www.youtube.com/c/jillianbutler)",
                  "title": "Jillian Butler - YouTube",
                  "headline": "I started a successful cake shop in Sydney called Jillian's Cakery that I ran for 7 years and there were lots of lessons that I learned along the way. Now ...",
                  "type": "PRIZE",
                  "heroCount": null,
                  "totalWinners": null,
                  "cadence": null,
                  "prizeItems": [
                    "data",
                    "tv",
                    "car"
                  ],
                  "prizeValueHint": null,
                  "confidence": 0.6,
                  "viaRedemption": false,
                  "giftCard": null
                },
                {
                  "brand": "Belle Fleur",
                  "url": "https://bellefleur.com.au/",
                  "source": "Source: bellefleur.com.au (https://bellefleur.com.au/)",
                  "title": "Homepage | Belle Fleur Fine Chocolates | Chocolate Sydney",
                  "headline": "Handmade chocolates that taste sensational. Choose from over 45 traditional and contemporary flavours in-store.Jump to",
                  "type": "PRIZE",
                  "heroCount": null,
                  "totalWinners": null,
                  "cadence": null,
                  "prizeItems": [
                    "car",
                    "data",
                    "tv",
                    "trip",
                    "gift card"
                  ],
                  "prizeValueHint": null,
                  "confidence": 0.6,
                  "viaRedemption": false,
                  "giftCard": null
                },
                {
                  "brand": "ADAIRS",
                  "url": "https://www.adairs.com.au/terms-conditions/competitions/?srsltid=AfmBOoqdmhyAkjp-0mo6YgOOktDktJHmHAKnYF3zeB9uw5Neg7BZ2F6C",
                  "source": "Source: adairs.com.au (https://www.adairs.com.au/terms-conditions/competitions/?srsltid=AfmBOoqdmhyAkjp-0mo6YgOOktDktJHmHAKnYF3zeB9uw5Neg7BZ2F6C)",
                  "title": "Past Competitions | Adairs",
                  "headline": "The 'Draw 3' winner is Edith Pullen. The 'Draw 4' winner is Vibeke Foss. The 'Adairs Kids Fur Cushions & Throw Competition' commenced at 12:00am AEST on the 14 ...Jump to",
                  "type": "PRIZE",
                  "heroCount": 3,
                  "totalWinners": null,
                  "cadence": null,
                  "prizeItems": [
                    "data",
                    "car",
                    "trip",
                    "plan",
                    "washer",
                    "gift card",
                    "tv",
                    "voucher",
                    "cash"
                  ],
                  "prizeValueHint": "$30",
                  "confidence": 0.6,
                  "viaRedemption": false,
                  "giftCard": null
                },
                {
                  "brand": "RMHHOMELOTTERY",
                  "url": "https://www.rmhhomelottery.com.au/on/demandware.static/Sites-RML_MEL-Site/Sites-RML_MEL-Library/-/pdfs/rmh-mel-2025-1-winners-FA-2.pdf",
                  "source": "Source: rmhhomelottery.com.au (https://www.rmhhomelottery.com.au/on/demandware.static/Sites-RML_MEL-Site/Sites-RML_MEL-Library/-/pdfs/rmh-mel-2025-1-winners-FA-2.pdf)",
                  "title": "Congratulations",
                  "headline": "Congratulations to our Early Bird winner! Jeffrey from Bulleen (#008153) has won the half a million Early Bird Prize! EARLY BIRD PRIZE.Jump to",
                  "type": "PRIZE",
                  "heroCount": null,
                  "totalWinners": null,
                  "cadence": null,
                  "prizeItems": [
                    "data",
                    "tv",
                    "cash",
                    "holiday",
                    "car",
                    "plan"
                  ],
                  "prizeValueHint": "$39",
                  "confidence": 0.6,
                  "viaRedemption": false,
                  "giftCard": null
                },
                {
                  "brand": "ROCKYSHOW",
                  "url": "https://www.rockyshow.com.au/Competitions/Animals-Competitions/Horse-Competition-Program",
                  "source": "Source: rockyshow.com.au (https://www.rockyshow.com.au/Competitions/Animals-Competitions/Horse-Competition-Program)",
                  "title": "Horse Competition Program Rockhampton Show",
                  "headline": "Horse Competition Program",
                  "type": "PRIZE",
                  "heroCount": null,
                  "totalWinners": null,
                  "cadence": null,
                  "prizeItems": [
                    "car",
                    "tv",
                    "data",
                    "plan"
                  ],
                  "prizeValueHint": null,
                  "confidence": 0.6,
                  "viaRedemption": false,
                  "giftCard": null
                },
                {
                  "brand": "BELLEFLEUR",
                  "url": "https://bellefleur.com.au/occasions/",
                  "source": "Source: bellefleur.com.au (https://bellefleur.com.au/occasions/)",
                  "title": "Special Occasions &amp; Events | Belle Fleur Fine Chocolates",
                  "headline": "Occasions",
                  "type": "PRIZE",
                  "heroCount": null,
                  "totalWinners": null,
                  "cadence": null,
                  "prizeItems": [
                    "car",
                    "data",
                    "tv",
                    "trip",
                    "gift card"
                  ],
                  "prizeValueHint": null,
                  "confidence": 0.6,
                  "viaRedemption": false,
                  "giftCard": null
                },
                {
                  "brand": "MARKETINGBEE",
                  "url": "https://marketingbee.com.au/sharon-latour-returns-as-a-judge-for-the-2025-australian-web-awards/",
                  "source": "Source: marketingbee.com.au (https://marketingbee.com.au/sharon-latour-returns-as-a-judge-for-the-2025-australian-web-awards/)",
                  "title": "Sharon Latour Returns as a Judge for the 2025 Australian Web Awards - Marketing Bee",
                  "headline": "Sharon Latour Returns as a Judge for the 2025 Australian Web Awards",
                  "type": "PRIZE",
                  "heroCount": null,
                  "totalWinners": null,
                  "cadence": null,
                  "prizeItems": [
                    "car",
                    "data",
                    "tv"
                  ],
                  "prizeValueHint": null,
                  "confidence": 0.6,
                  "viaRedemption": false,
                  "giftCard": null
                },
                {
                  "brand": "Beak & Johnston",
                  "url": "https://www.beakandjohnston.com.au/",
                  "source": "Source: beakandjohnston.com.au (https://www.beakandjohnston.com.au/)",
                  "title": "Home - Quality Food Manufacturer | Beak &amp; Johnston",
                  "headline": "Beak & Johnston is a proudly Australian, privately owned fresh food business with over 39 years of experience delivering innovative, value-added meal solutions.",
                  "type": "PRIZE",
                  "heroCount": null,
                  "totalWinners": null,
                  "cadence": null,
                  "prizeItems": [
                    "car",
                    "data",
                    "plan"
                  ],
                  "prizeValueHint": null,
                  "confidence": 0.6,
                  "viaRedemption": false,
                  "giftCard": null
                },
                {
                  "brand": "BEAKANDJOHNSTON",
                  "url": "https://www.beakandjohnston.com.au/about-us/",
                  "source": "Source: beakandjohnston.com.au (https://www.beakandjohnston.com.au/about-us/)",
                  "title": "About Us - Quality Food Manufacturer | Beak &amp; Johnston",
                  "headline": "Beak & Johnston was founded in 1986 by David Beak, bringing together four generations of global meat industry knowledge.",
                  "type": "PRIZE",
                  "heroCount": null,
                  "totalWinners": null,
                  "cadence": null,
                  "prizeItems": [
                    "car",
                    "data",
                    "plan"
                  ],
                  "prizeValueHint": "$15",
                  "confidence": 0.6,
                  "viaRedemption": false,
                  "giftCard": null
                },
                {
                  "brand": "BAKINGBUSINESS",
                  "url": "https://bakingbusiness.com.au/wp-content/uploads/2019/10/2019-fine-food-catalogue-web.pdf",
                  "source": "Source: bakingbusiness.com.au (https://bakingbusiness.com.au/wp-content/uploads/2019/10/2019-fine-food-catalogue-web.pdf)",
                  "title": "Sydney Royal Fine Food Show - Baking Business",
                  "headline": "It draws from Sydney Royal Champions throughout the year, examines, and celebrates truly inspirational, innovative agricultural food and beverage achievers.",
                  "type": "PRIZE",
                  "heroCount": null,
                  "totalWinners": null,
                  "cadence": null,
                  "prizeItems": [
                    "data",
                    "tv",
                    "car"
                  ],
                  "prizeValueHint": "$224",
                  "confidence": 0.6,
                  "viaRedemption": false,
                  "giftCard": null
                },
                {
                  "brand": "ISSUU",
                  "url": "https://issuu.com/theintermediagroup/docs/c_i_retailing_magazine_august-september_2025",
                  "source": "Source: issuu.com (https://issuu.com/theintermediagroup/docs/c_i_retailing_magazine_august-september_2025)",
                  "title": "C&amp;amp;I Retailing Magazine August-September 2025 by The Intermedia Group - Issuu",
                  "headline": "C&amp;I Retailing Magazine August-September 2025",
                  "type": "PRIZE",
                  "heroCount": null,
                  "totalWinners": null,
                  "cadence": null,
                  "prizeItems": [
                    "car",
                    "data",
                    "tv",
                    "plans",
                    "plan"
                  ],
                  "prizeValueHint": "$29",
                  "confidence": 0.6,
                  "viaRedemption": false,
                  "giftCard": null
                },
                {
                  "brand": "Beak & Johnston",
                  "url": "https://www.accc.gov.au/media-release/woolworths%E2%80%99-proposed-acquisition-of-beak-johnston-not-opposed",
                  "source": "Source: accc.gov.au (https://www.accc.gov.au/media-release/woolworths%E2%80%99-proposed-acquisition-of-beak-johnston-not-opposed)",
                  "title": "Woolworths‚Äô proposed acquisition of Beak &amp; Johnston not opposed | ACCC",
                  "headline": "The ACCC will not oppose Woolworths Group Limited's (ASX:WOW) proposed acquisition of Beak & Johnston Holdings Pty Ltd (B&J).",
                  "type": "PRIZE",
                  "heroCount": null,
                  "totalWinners": null,
                  "cadence": null,
                  "prizeItems": [
                    "data",
                    "car"
                  ],
                  "prizeValueHint": null,
                  "confidence": 0.6,
                  "viaRedemption": false,
                  "giftCard": null
                },
                {
                  "brand": "Beak & Johnston",
                  "url": "https://www.just-food.com/news/woolworths-beak-johnston-deal-approved/",
                  "source": "Source: just-food.com (https://www.just-food.com/news/woolworths-beak-johnston-deal-approved/)",
                  "title": "ACCC waves through Woolworths‚Äô Beak &amp; Johnston deal",
                  "headline": "Australia regulator waves through Woolworths‚Äô Beak &#038; Johnston deal",
                  "type": "PRIZE",
                  "heroCount": null,
                  "totalWinners": null,
                  "cadence": null,
                  "prizeItems": [
                    "data",
                    "car",
                    "plan",
                    "tv"
                  ],
                  "prizeValueHint": null,
                  "confidence": 0.6,
                  "viaRedemption": false,
                  "giftCard": null
                },
                {
                  "brand": "Beak & Johnston",
                  "url": "https://morganenglishlawyers.com.au/morgan-english-advises-beak-johnston-group-on-strategic-sale-to-woolworths/",
                  "source": "Source: morganenglishlawyers.com.au (https://morganenglishlawyers.com.au/morgan-english-advises-beak-johnston-group-on-strategic-sale-to-woolworths/)",
                  "title": "Morgan + English Advises Beak &amp; Johnston Group on Strategic Sale to Woolworths | Morgan English Lawyers",
                  "headline": "Morgan + English Advises Beak &#038; Johnston Group on Strategic Sale to Woolworths",
                  "type": "PRIZE",
                  "heroCount": null,
                  "totalWinners": null,
                  "cadence": null,
                  "prizeItems": [
                    "data",
                    "car",
                    "cash",
                    "trip",
                    "plan",
                    "tv"
                  ],
                  "prizeValueHint": null,
                  "confidence": 0.6,
                  "viaRedemption": false,
                  "giftCard": null
                },
                {
                  "brand": "Beak & Johnston",
                  "url": "https://www.comcom.govt.nz/news-and-media/news-and-events/2025/woolworths-seeks-clearance-to-acquire-beak-and-johnston/",
                  "source": "Source: comcom.govt.nz (https://www.comcom.govt.nz/news-and-media/news-and-events/2025/woolworths-seeks-clearance-to-acquire-beak-and-johnston/)",
                  "title": "Woolworths seeks clearance to acquire Beak &amp; Johnston | Commerce Commission",
                  "headline": "We will give clearance to a proposed merger if we are satisfied that the merger is unlikely to have the effect of substantially lessening ...",
                  "type": "PRIZE",
                  "heroCount": null,
                  "totalWinners": null,
                  "cadence": null,
                  "prizeItems": [
                    "trip",
                    "car",
                    "data",
                    "plan"
                  ],
                  "prizeValueHint": null,
                  "confidence": 0.6,
                  "viaRedemption": false,
                  "giftCard": null
                },
                {
                  "brand": "Beak & Johnston",
                  "url": "https://insideretail.com.au/news/woolworths-seeks-clearance-to-buy-beak-johnston-202501",
                  "source": "Source: insideretail.com.au (https://insideretail.com.au/news/woolworths-seeks-clearance-to-buy-beak-johnston-202501)",
                  "title": "Woolworths seeks clearance to buy Beak &amp; Johnston - Inside Retail Australia",
                  "headline": "Woolworths seeks clearance to buy Beak &amp; Johnston",
                  "type": "PRIZE",
                  "heroCount": null,
                  "totalWinners": null,
                  "cadence": null,
                  "prizeItems": [
                    "data",
                    "car",
                    "trip"
                  ],
                  "prizeValueHint": "$110",
                  "confidence": 0.6,
                  "viaRedemption": false,
                  "giftCard": null
                },
                {
                  "brand": "Carman's",
                  "url": "https://carmanskitchen.com.au/carmans-quarterly-care-package-giveaway-2025/",
                  "source": "Source: carmanskitchen.com.au (https://carmanskitchen.com.au/carmans-quarterly-care-package-giveaway-2025/)",
                  "title": "Carman‚Äôs Quarterly Care Package Giveaway Terms &amp; Conditions 2025 | Carman's Kitchen",
                  "headline": "Carman‚Äôs Quarterly Care Package Giveaway Terms &#038; Conditions 2025",
                  "type": "PRIZE",
                  "heroCount": null,
                  "totalWinners": null,
                  "cadence": null,
                  "prizeItems": [
                    "data",
                    "car",
                    "plan",
                    "cash",
                    "tv"
                  ],
                  "prizeValueHint": "$100",
                  "confidence": 0.6,
                  "viaRedemption": false,
                  "giftCard": null
                },
                {
                  "brand": "Carman's",
                  "url": "https://carmanskitchen.com.au/fun-run-giveaway-terms-conditions/",
                  "source": "Source: carmanskitchen.com.au (https://carmanskitchen.com.au/fun-run-giveaway-terms-conditions/)",
                  "title": "Carman‚Äôs Fun Run Giveaway Terms &amp; Conditions | Carman's Kitchen",
                  "headline": "Carman&#8217;s Fun Run Giveaway Terms &#038; Conditions",
                  "type": "PRIZE",
                  "heroCount": 1,
                  "totalWinners": null,
                  "cadence": "instant",
                  "prizeItems": [
                    "data",
                    "car",
                    "plan",
                    "voucher",
                    "cash",
                    "tv"
                  ],
                  "prizeValueHint": "$200",
                  "confidence": 0.6,
                  "viaRedemption": false,
                  "giftCard": null
                },
                {
                  "brand": "CARMANSKITCHEN",
                  "url": "https://carmanskitchen.com.au/porridge-competition-terms-conditions/",
                  "source": "Source: carmanskitchen.com.au (https://carmanskitchen.com.au/porridge-competition-terms-conditions/)",
                  "title": "Porridge Competition Terms &amp; Conditions | Carman's Kitchen",
                  "headline": "Porridge Competition Terms &#038; Conditions",
                  "type": "PRIZE",
                  "heroCount": null,
                  "totalWinners": null,
                  "cadence": null,
                  "prizeItems": [
                    "data",
                    "car",
                    "plan",
                    "cash",
                    "tv"
                  ],
                  "prizeValueHint": "$250",
                  "confidence": 0.6,
                  "viaRedemption": false,
                  "giftCard": null
                },
                {
                  "brand": "CARMANSKITCHEN",
                  "url": "https://carmanskitchen.com.au/win-a-trip-to-byron-terms-and-conditions/",
                  "source": "Source: carmanskitchen.com.au (https://carmanskitchen.com.au/win-a-trip-to-byron-terms-and-conditions/)",
                  "title": "Win a Trip to Byron Terms and Conditions | Carman's Kitchen",
                  "headline": "Win a Trip to Byron Terms and Conditions",
                  "type": "PRIZE",
                  "heroCount": null,
                  "totalWinners": null,
                  "cadence": "instant",
                  "prizeItems": [
                    "data",
                    "car",
                    "trip",
                    "plan",
                    "holiday",
                    "voucher",
                    "cash",
                    "tv"
                  ],
                  "prizeValueHint": "$11,805",
                  "confidence": 0.6,
                  "viaRedemption": false,
                  "giftCard": null
                },
                {
                  "brand": "Carman's",
                  "url": "https://solemotive.com/pages/carmans-fun-run-syd-10k?srsltid=AfmBOooHB3xkXtaoGZ9mG-_L0--9mW5jbbRWm1pnggI7e99sIs6BVcnZ",
                  "source": "Source: solemotive.com (https://solemotive.com/pages/carmans-fun-run-syd-10k?srsltid=AfmBOooHB3xkXtaoGZ9mG-_L0--9mW5jbbRWm1pnggI7e99sIs6BVcnZ)",
                  "title": "Carman&#39;s Fun Run Sydney 2025 - 10K | Sole Motive",
                  "headline": "The Carman's Fun Run Sydney 2025 is on 21 September at Metcalfe Park, Pyrmont, with a 9:00am start. The course is a flat 2 lap with Sydney views.",
                  "type": "PRIZE",
                  "heroCount": null,
                  "totalWinners": null,
                  "cadence": null,
                  "prizeItems": [
                    "data",
                    "car",
                    "trip",
                    "tv",
                    "cash"
                  ],
                  "prizeValueHint": "$80",
                  "confidence": 0.6,
                  "viaRedemption": false,
                  "giftCard": null
                },
                {
                  "brand": "Carman's",
                  "url": "https://solemotive.com/pages/carmans-fun-run-syd-home?srsltid=AfmBOorQvL6V5sSGXodJyYnpq2M5S1edAD0ntuyCApEKW69H8iURTuCJ",
                  "source": "Source: solemotive.com (https://solemotive.com/pages/carmans-fun-run-syd-home?srsltid=AfmBOorQvL6V5sSGXodJyYnpq2M5S1edAD0ntuyCApEKW69H8iURTuCJ)",
                  "title": "Carman&#39;s Fun Run Sydney 2025 | Sole Motive",
                  "headline": "BCNA MERCHANDISE STAND &amp; MINI-FIELD OF WOMEN",
                  "type": "PRIZE",
                  "heroCount": null,
                  "totalWinners": null,
                  "cadence": null,
                  "prizeItems": [
                    "data",
                    "car",
                    "trip",
                    "tv",
                    "cash",
                    "plan"
                  ],
                  "prizeValueHint": "$60",
                  "confidence": 0.6,
                  "viaRedemption": false,
                  "giftCard": null
                },
                {
                  "brand": "Carman's",
                  "url": "https://solemotive.com/pages/carmans-fun-run-mel-home?srsltid=AfmBOorSgV-UdaNVOUP8CKAqEEIrYHFLflLVAtbLwxYAcUtICnE2zL_9",
                  "source": "Source: solemotive.com (https://solemotive.com/pages/carmans-fun-run-mel-home?srsltid=AfmBOorSgV-UdaNVOUP8CKAqEEIrYHFLflLVAtbLwxYAcUtICnE2zL_9)",
                  "title": "Carman&#39;s Fun Run Melbourne 2026 | Sole Motive",
                  "headline": "BCNA MERCHANDISE STAND",
                  "type": "PRIZE",
                  "heroCount": null,
                  "totalWinners": null,
                  "cadence": null,
                  "prizeItems": [
                    "data",
                    "car",
                    "trip",
                    "tv",
                    "cash",
                    "plan"
                  ],
                  "prizeValueHint": "$60",
                  "confidence": 0.6,
                  "viaRedemption": false,
                  "giftCard": null
                },
                {
                  "brand": "Carman's",
                  "url": "https://www.bcna.org.au/event-directory/major-events/carman-s-fun-run-2025-sydney/",
                  "source": "Source: bcna.org.au (https://www.bcna.org.au/event-directory/major-events/carman-s-fun-run-2025-sydney/)",
                  "title": "Carman&#x2019;s Fun Run 2025 - Sydney",
                  "headline": "Run, jog or walk 21.1K, 10K, or 5K and make your run count by raising funds to help Australians affected by breast cancer. Secure your spot now and help us turn ...",
                  "type": "PRIZE",
                  "heroCount": null,
                  "totalWinners": null,
                  "cadence": null,
                  "prizeItems": [
                    "data",
                    "car",
                    "tv"
                  ],
                  "prizeValueHint": "$30",
                  "confidence": 0.6,
                  "viaRedemption": false,
                  "giftCard": null
                },
                {
                  "brand": "Carman's",
                  "url": "https://www.bcna.org.au/event-directory/major-events/carman-s-fun-run-2025-melbourne/",
                  "source": "Source: bcna.org.au (https://www.bcna.org.au/event-directory/major-events/carman-s-fun-run-2025-melbourne/)",
                  "title": "Carman&#x2019;s Fun Run 2025 - Melbourne",
                  "headline": "Carman's Fun Run 2025 is on Feb 16 at Elsternwick Park, Brighton, with half-marathon, 10km, 5km run and 5km walk options. It starts at 5:45 am and ends at 1:00 ...",
                  "type": "PRIZE",
                  "heroCount": null,
                  "totalWinners": null,
                  "cadence": null,
                  "prizeItems": [
                    "data",
                    "car",
                    "tv"
                  ],
                  "prizeValueHint": "$30",
                  "confidence": 0.6,
                  "viaRedemption": false,
                  "giftCard": null
                },
                {
                  "brand": "PAULSPROMO",
                  "url": "https://www.paulspromo.com.au/",
                  "source": "Source: paulspromo.com.au (https://www.paulspromo.com.au/)",
                  "title": "Paul&#039;s Kids Yoghurt Minions Promotion",
                  "headline": "Open to AU res 18+. Starts: 17/3/25:12AM AEDT. Ends: 30/5/25:11.59PM AEST. Max 1 entry per transaction. Retain receipts. Draw: 51A/23 Norton St, Leichhardt, NSW ...",
                  "type": "PRIZE",
                  "heroCount": null,
                  "totalWinners": null,
                  "cadence": null,
                  "prizeItems": [
                    "data",
                    "tv",
                    "trip"
                  ],
                  "prizeValueHint": "$17,225",
                  "confidence": 0.6,
                  "viaRedemption": false,
                  "giftCard": null
                },
                {
                  "brand": "REDDYEXPRESS",
                  "url": "https://www.reddyexpress.com.au/terms-and-conditions/peel-N-win",
                  "source": "Source: reddyexpress.com.au (https://www.reddyexpress.com.au/terms-and-conditions/peel-N-win)",
                  "title": "Reddy, Set, Peel &amp; Win - T&amp;Cs | Reddy Express",
                  "headline": "All prize claims and entries into the unclaimed prize draw must be made by Entrants by no later than 11.59pm (Sydney time) on 30 September 2025. 5.",
                  "type": "PRIZE",
                  "heroCount": null,
                  "totalWinners": null,
                  "cadence": "instant",
                  "prizeItems": [
                    "data",
                    "car",
                    "gift card",
                    "plans",
                    "holiday",
                    "voucher",
                    "cash",
                    "trip",
                    "giftcard",
                    "plan"
                  ],
                  "prizeValueHint": "$10",
                  "confidence": 0.6,
                  "viaRedemption": false,
                  "giftCard": null
                },
                {
                  "brand": "PAULS",
                  "url": "https://www.pauls.com.au/",
                  "source": "Source: pauls.com.au (https://www.pauls.com.au/)",
                  "title": "Pauls Dairy",
                  "headline": "We're pretty passionate about making great tasting products packed with real dairy goodness. We put that devotion into every Pauls milk, cream, custard, yoghurt ...",
                  "type": "PRIZE",
                  "heroCount": null,
                  "totalWinners": null,
                  "cadence": null,
                  "prizeItems": [
                    "data",
                    "car",
                    "tv"
                  ],
                  "prizeValueHint": null,
                  "confidence": 0.6,
                  "viaRedemption": false,
                  "giftCard": null
                },
                {
                  "brand": "SCHOOLFUNDRAISING",
                  "url": "https://www.schoolfundraising.com.au/",
                  "source": "Source: schoolfundraising.com.au (https://www.schoolfundraising.com.au/)",
                  "title": "School Fundraising | Empowering Schools Through Colour Runs",
                  "headline": "We're Australia's ultimate school fundraising partner ... When parents use it to create a profile, they go into the draw to win a $500 prize credit.",
                  "type": "PRIZE",
                  "heroCount": 500,
                  "totalWinners": null,
                  "cadence": null,
                  "prizeItems": [
                    "car",
                    "data",
                    "tv",
                    "trip",
                    "plan",
                    "cash"
                  ],
                  "prizeValueHint": "$500",
                  "confidence": 0.6,
                  "viaRedemption": false,
                  "giftCard": null
                },
                {
                  "brand": "Chobani",
                  "url": "https://www.chobani.com.au/chobani-fit-competition-terms-and-conditions/",
                  "source": "Source: chobani.com.au (https://www.chobani.com.au/chobani-fit-competition-terms-and-conditions/)",
                  "title": "Chobani Fit Competition - Terms and Conditions - Chobani Australia",
                  "headline": "Chobani Fit Competition &#8211; Terms and Conditions",
                  "type": "PRIZE",
                  "heroCount": null,
                  "totalWinners": null,
                  "cadence": null,
                  "prizeItems": [
                    "car",
                    "data",
                    "cash"
                  ],
                  "prizeValueHint": "$399",
                  "confidence": 0.6,
                  "viaRedemption": false,
                  "giftCard": null
                },
                {
                  "brand": "Chobani",
                  "url": "https://www.ozbargain.com.au/node/926882",
                  "source": "Source: ozbargain.com.au (https://www.ozbargain.com.au/node/926882)",
                  "title": "Win a KitchenAid Pure Power Blender + Chobani No Sugar Added Prize Pack from KitchenAid - OzBargain Competitions",
                  "headline": "Win a KitchenAid Pure Power Blender + Chobani No Sugar Added Prize Pack from KitchenAid",
                  "type": "PRIZE",
                  "heroCount": null,
                  "totalWinners": null,
                  "cadence": null,
                  "prizeItems": [
                    "car",
                    "tv",
                    "data",
                    "voucher",
                    "gift card",
                    "cash"
                  ],
                  "prizeValueHint": "$274",
                  "confidence": 0.6,
                  "viaRedemption": false,
                  "giftCard": null
                },
                {
                  "brand": "Chobani",
                  "url": "https://www.ozbargain.com.au/competition/chobani.com.au",
                  "source": "Source: ozbargain.com.au (https://www.ozbargain.com.au/competition/chobani.com.au)",
                  "title": "Chobani: Competitions - OzBargain Competitions",
                  "headline": "Chobani &raquo; Competitions",
                  "type": "PRIZE",
                  "heroCount": null,
                  "totalWinners": null,
                  "cadence": null,
                  "prizeItems": [
                    "car",
                    "data",
                    "voucher",
                    "gift card",
                    "cash"
                  ],
                  "prizeValueHint": "$100",
                  "confidence": 0.6,
                  "viaRedemption": false,
                  "giftCard": null
                },
                {
                  "brand": "CHOBANI",
                  "url": "https://www.chobani.com.au/competition-tscs/",
                  "source": "Source: chobani.com.au (https://www.chobani.com.au/competition-tscs/)",
                  "title": "Competition - Terms and Conditions 2024 - Chobani Australia",
                  "headline": "Chobani Australia Terms and Conditions. View Chobani x Remedy Terms and Conditions ¬∑ View Chobani x Ninja Kitchen Terms and Conditions ...",
                  "type": "PRIZE",
                  "heroCount": null,
                  "totalWinners": null,
                  "cadence": null,
                  "prizeItems": [
                    "car",
                    "data"
                  ],
                  "prizeValueHint": null,
                  "confidence": 0.6,
                  "viaRedemption": false,
                  "giftCard": null
                },
                {
                  "brand": "Chobani",
                  "url": "https://www.chobani.com.au/",
                  "source": "Source: chobani.com.au (https://www.chobani.com.au/)",
                  "title": "Chobani Australia",
                  "headline": "Real yogurt. Real simple.",
                  "type": "PRIZE",
                  "heroCount": null,
                  "totalWinners": null,
                  "cadence": null,
                  "prizeItems": [
                    "car",
                    "data",
                    "plan"
                  ],
                  "prizeValueHint": null,
                  "confidence": 0.6,
                  "viaRedemption": false,
                  "giftCard": null
                },
                {
                  "brand": "Sara Lee",
                  "url": "https://winwithsaralee.com.au/conditions.html",
                  "source": "Source: winwithsaralee.com.au (https://winwithsaralee.com.au/conditions.html)",
                  "title": "Sara Lee Waffles 30k Giveaway Instant Win Promotion",
                  "headline": "There are 150 prizes to be given away in this Promotion: 12 x AUD$1,000.00 Cash Prize, 13 x AUD$500.00 Mastercard eVouchers and 15 x AUD$250.00 Mastercard ...",
                  "type": "PRIZE",
                  "heroCount": 150,
                  "totalWinners": null,
                  "cadence": "instant",
                  "prizeItems": [
                    "data",
                    "cash",
                    "car",
                    "voucher"
                  ],
                  "prizeValueHint": "$500",
                  "confidence": 0.6,
                  "viaRedemption": false,
                  "giftCard": null
                },
                {
                  "brand": "Sara Lee",
                  "url": "https://saralee.com.au/enter-for-your-chance-to-win-our-grocery-giveaway/",
                  "source": "Source: saralee.com.au (https://saralee.com.au/enter-for-your-chance-to-win-our-grocery-giveaway/)",
                  "title": "Enter for your chance to WIN our Grocery Giveaway! &#8211; Sara Lee",
                  "headline": "Enter for your chance to WIN our Grocery Giveaway!",
                  "type": "PRIZE",
                  "heroCount": null,
                  "totalWinners": null,
                  "cadence": null,
                  "prizeItems": [
                    "voucher",
                    "data",
                    "car",
                    "tv"
                  ],
                  "prizeValueHint": "$200",
                  "confidence": 0.6,
                  "viaRedemption": false,
                  "giftCard": null
                },
                {
                  "brand": "Sara Lee",
                  "url": "https://saraleefoodservice.com.au/news-promotions/",
                  "source": "Source: saraleefoodservice.com.au (https://saraleefoodservice.com.au/news-promotions/)",
                  "title": "News &amp; Promotions | Sara Lee Foodservice Australia",
                  "headline": "News &#038; Promotions",
                  "type": "PRIZE",
                  "heroCount": null,
                  "totalWinners": null,
                  "cadence": null,
                  "prizeItems": [
                    "data",
                    "car",
                    "tv"
                  ],
                  "prizeValueHint": null,
                  "confidence": 0.6,
                  "viaRedemption": false,
                  "giftCard": null
                },
                {
                  "brand": "Sara Lee",
                  "url": "https://saralee.com.au/grocery-giveaway-tcs-australia/",
                  "source": "Source: saralee.com.au (https://saralee.com.au/grocery-giveaway-tcs-australia/)",
                  "title": "Grocery Giveaway T&#038;Cs Australia &#8211; Sara Lee",
                  "headline": "Grocery Giveaway T&#038;Cs Australia",
                  "type": "PRIZE",
                  "heroCount": null,
                  "totalWinners": null,
                  "cadence": null,
                  "prizeItems": [
                    "data",
                    "car",
                    "tv",
                    "gift card",
                    "cash",
                    "plan"
                  ],
                  "prizeValueHint": "$200",
                  "confidence": 0.6,
                  "viaRedemption": false,
                  "giftCard": null
                },
                {
                  "brand": "Sara Lee",
                  "url": "https://winwithsaralee.com.au/images/Sara%20Lee%20Instant%20Win%20T&C's.pdf",
                  "source": "Source: winwithsaralee.com.au (https://winwithsaralee.com.au/images/Sara%20Lee%20Instant%20Win%20T&C's.pdf)",
                  "title": "Sara Lee Waffles 30k Giveaway Instant Win Promotion",
                  "headline": "Winners will have their initials and state announced on the Sara Lee Promotional website at www.winwithsaralee.com by 30th October, 2024. 14. If ...",
                  "type": "PRIZE",
                  "heroCount": null,
                  "totalWinners": null,
                  "cadence": null,
                  "prizeItems": [
                    "tv"
                  ],
                  "prizeValueHint": "$222",
                  "confidence": 0.6,
                  "viaRedemption": false,
                  "giftCard": null
                },
                {
                  "brand": "Sara Lee",
                  "url": "http://winwithsaralee.com.au/",
                  "source": "Source: winwithsaralee.com.au (http://winwithsaralee.com.au/)",
                  "title": "Sara Lee Waffles 30k Giveaway Instant Win Promotion",
                  "headline": "The promotion commences on the 15/9/2024 at 0900 (AEST) and closes 27/10/2024 at 1700 (AEST). For full T&C's go to www.winwithsaralee.",
                  "type": "PRIZE",
                  "heroCount": null,
                  "totalWinners": null,
                  "cadence": "instant",
                  "prizeItems": [
                    "data",
                    "car",
                    "voucher",
                    "tv"
                  ],
                  "prizeValueHint": null,
                  "confidence": 0.6,
                  "viaRedemption": false,
                  "giftCard": null
                },
                {
                  "brand": "Sara Lee",
                  "url": "https://saralee.com.au/enter-for-your-chance-to-win-a-pair-of-sara-lee-socks-for-dad-terms-and-conditions-2/",
                  "source": "Source: saralee.com.au (https://saralee.com.au/enter-for-your-chance-to-win-a-pair-of-sara-lee-socks-for-dad-terms-and-conditions-2/)",
                  "title": "Enter for your chance to WIN a pair of Sara Lee socks for Dad! Terms and Conditions &#8211; Sara Lee",
                  "headline": "Enter for your chance to WIN a pair of Sara Lee socks for Dad! Terms and Conditions",
                  "type": "PRIZE",
                  "heroCount": 25,
                  "totalWinners": 25,
                  "cadence": null,
                  "prizeItems": [
                    "data",
                    "car",
                    "tv",
                    "cash",
                    "plan"
                  ],
                  "prizeValueHint": "$30",
                  "confidence": 0.6,
                  "viaRedemption": false,
                  "giftCard": null
                },
                {
                  "brand": "Sara Lee",
                  "url": "https://saralee.com.au/enter-for-your-chance-to-win-a-kitchenaid-mixer/",
                  "source": "Source: saralee.com.au (https://saralee.com.au/enter-for-your-chance-to-win-a-kitchenaid-mixer/)",
                  "title": "Enter for your chance to WIN a KitchenAid Mixer! &#8211; Sara Lee",
                  "headline": "Enter for your chance to WIN a KitchenAid Mixer!",
                  "type": "PRIZE",
                  "heroCount": null,
                  "totalWinners": null,
                  "cadence": null,
                  "prizeItems": [
                    "data",
                    "car",
                    "tv",
                    "plan",
                    "trip"
                  ],
                  "prizeValueHint": null,
                  "confidence": 0.6,
                  "viaRedemption": false,
                  "giftCard": null
                },
                {
                  "brand": "TUFFSTREETERS",
                  "url": "https://tuffstreeters.com.au/",
                  "source": "Source: tuffstreeters.com.au (https://tuffstreeters.com.au/)",
                  "title": "Home - Tuff Streeters",
                  "headline": "We Are Tuff Streeters",
                  "type": "PRIZE",
                  "heroCount": null,
                  "totalWinners": null,
                  "cadence": "weekly",
                  "prizeItems": [
                    "car",
                    "data",
                    "cash",
                    "trip"
                  ],
                  "prizeValueHint": "$100",
                  "confidence": 0.6,
                  "viaRedemption": false,
                  "giftCard": null
                },
                {
                  "brand": "LINKT",
                  "url": "https://www.linkt.com.au/campaigns/driveaway/sydney",
                  "source": "Source: linkt.com.au (https://www.linkt.com.au/campaigns/driveaway/sydney)",
                  "title": "Pardon Our Interruption",
                  "headline": "Pardon Our Interruption",
                  "type": "PRIZE",
                  "heroCount": null,
                  "totalWinners": null,
                  "cadence": null,
                  "prizeItems": [],
                  "prizeValueHint": null,
                  "confidence": 0.6,
                  "viaRedemption": false,
                  "giftCard": null
                },
                {
                  "brand": "YOURTOWN",
                  "url": "https://www.yourtown.com.au/",
                  "source": "Source: yourtown.com.au (https://www.yourtown.com.au/)",
                  "title": "yourtown | Art Union & Community Services | Prize Homes",
                  "headline": "Every young person deserves a chance to thrive",
                  "type": "PRIZE",
                  "heroCount": null,
                  "totalWinners": null,
                  "cadence": null,
                  "prizeItems": [
                    "car",
                    "data",
                    "tv"
                  ],
                  "prizeValueHint": null,
                  "confidence": 0.6,
                  "viaRedemption": false,
                  "giftCard": null
                },
                {
                  "brand": "RAFFLETIX",
                  "url": "https://www.raffletix.com.au/raffles",
                  "source": "Source: raffletix.com.au (https://www.raffletix.com.au/raffles)",
                  "title": "Live raffles",
                  "headline": "Live raffles",
                  "type": "PRIZE",
                  "heroCount": null,
                  "totalWinners": null,
                  "cadence": null,
                  "prizeItems": [
                    "tv",
                    "data",
                    "car"
                  ],
                  "prizeValueHint": null,
                  "confidence": 0.6,
                  "viaRedemption": false,
                  "giftCard": null
                },
                {
                  "brand": "MOTORCULTUREAUSTRALIA",
                  "url": "https://www.motorcultureaustralia.com/current-giveaways/",
                  "source": "Source: motorcultureaustralia.com (https://www.motorcultureaustralia.com/current-giveaways/)",
                  "title": "Current Giveaways &#8211; Motor Culture Australia",
                  "headline": "1 DAY ONLY! Mercedes AMG C63S ¬∑ 1 WEEK ONLY: Brand New INEOS Grenadier ¬∑ 1 DAY ONLY: $100,000 Cash Giveaway ¬∑ 2023 Honda Civic Type R ¬∑ 1 Week Only: Brand New 2024 ...",
                  "type": "PRIZE",
                  "heroCount": null,
                  "totalWinners": null,
                  "cadence": null,
                  "prizeItems": [
                    "data",
                    "car",
                    "cash",
                    "trip"
                  ],
                  "prizeValueHint": "$100,000",
                  "confidence": 0.6,
                  "viaRedemption": false,
                  "giftCard": null
                },
                {
                  "brand": "RSREWARDS",
                  "url": "https://rsrewards.com.au/competition",
                  "source": "Source: rsrewards.com.au (https://rsrewards.com.au/competition)",
                  "title": "RS Rewards - Australia's Best Rewards Club",
                  "headline": "Join RS Rewards for monthly prize draws and exclusive competitions. Win amazing prizes including cash, gift cards, and more. Enter our monthly raffles ...",
                  "type": "PRIZE",
                  "heroCount": null,
                  "totalWinners": null,
                  "cadence": "weekly",
                  "prizeItems": [
                    "cash",
                    "gift card",
                    "car",
                    "trip",
                    "data",
                    "plan",
                    "plans"
                  ],
                  "prizeValueHint": "$20",
                  "confidence": 0.6,
                  "viaRedemption": false,
                  "giftCard": null
                },
                {
                  "brand": "REDBULL",
                  "url": "https://www.redbull.com/au-en/events/red-bull-dance-your-style-national-finals-australia",
                  "source": "Source: redbull.com (https://www.redbull.com/au-en/events/red-bull-dance-your-style-national-finals-australia)",
                  "title": "Red Bull Dance Your Style Final Australia 2025",
                  "headline": "Red Bull Dance Your Style is a 1v1 Street Dance battle competition where Australia's best street dancers dance to unpredictable music hits and the crowd ...",
                  "type": "PRIZE",
                  "heroCount": null,
                  "totalWinners": null,
                  "cadence": null,
                  "prizeItems": [
                    "data",
                    "car"
                  ],
                  "prizeValueHint": null,
                  "confidence": 0.6,
                  "viaRedemption": false,
                  "giftCard": null
                },
                {
                  "brand": "MASTERSOFCHOREOGRAPHY",
                  "url": "https://www.mastersofchoreography.com/udo-australia",
                  "source": "Source: mastersofchoreography.com (https://www.mastersofchoreography.com/udo-australia)",
                  "title": "UDO AUSTRALIA | Masters Of Choreogra",
                  "headline": "UDO Australia falls under the Masters of Choreography umbrella and is our National Street Dance competition which we have hosted since 2015.",
                  "type": "PRIZE",
                  "heroCount": null,
                  "totalWinners": null,
                  "cadence": null,
                  "prizeItems": [
                    "tv",
                    "data",
                    "car",
                    "plans",
                    "trip",
                    "giftcard",
                    "plan"
                  ],
                  "prizeValueHint": null,
                  "confidence": 0.6,
                  "viaRedemption": false,
                  "giftCard": null
                },
                {
                  "brand": "DARLINGHARBOUR",
                  "url": "https://www.darlingharbour.com/whats-on/archive/events/beat-breakdown",
                  "source": "Source: darlingharbour.com (https://www.darlingharbour.com/whats-on/archive/events/beat-breakdown)",
                  "title": "Beat Breakdown - Battle it out at Sydney&#39;s 1v1 Street Dance Showdown in Darling Harbour | Darling Harbour",
                  "headline": "Beat Breakdown",
                  "type": "PRIZE",
                  "heroCount": null,
                  "totalWinners": null,
                  "cadence": "weekly",
                  "prizeItems": [
                    "data",
                    "car",
                    "plan"
                  ],
                  "prizeValueHint": null,
                  "confidence": 0.6,
                  "viaRedemption": false,
                  "giftCard": null
                },
                {
                  "brand": "TRANSPORT",
                  "url": "https://www.transport.nsw.gov.au/industry/cities-and-active-transport/cities-revitalisation-and-place/festival-of-place/creative-3",
                  "source": "Source: transport.nsw.gov.au (https://www.transport.nsw.gov.au/industry/cities-and-active-transport/cities-revitalisation-and-place/festival-of-place/creative-3)",
                  "title": "Public Space Ideas Competition | Transport for NSW",
                  "headline": "The Ideas Competition aimed to shape a new conversation about public space in Sydney and was delivered in partnership with the Committee for Sydney.",
                  "type": "PRIZE",
                  "heroCount": null,
                  "totalWinners": null,
                  "cadence": null,
                  "prizeItems": [
                    "car",
                    "data",
                    "tv",
                    "trip",
                    "plan"
                  ],
                  "prizeValueHint": null,
                  "confidence": 0.6,
                  "viaRedemption": false,
                  "giftCard": null
                },
                {
                  "brand": "NUTELLA",
                  "url": "https://www.nutella.com/au/en/xp/nutella-x-kinder-biscuits/faq/",
                  "source": "Source: nutella.com (https://www.nutella.com/au/en/xp/nutella-x-kinder-biscuits/faq/)",
                  "title": "Nutella x Kinder Biscuits promotion",
                  "headline": "Frequently Asked Questions",
                  "type": "PRIZE",
                  "heroCount": null,
                  "totalWinners": null,
                  "cadence": "instant",
                  "prizeItems": [
                    "data",
                    "gift card",
                    "car"
                  ],
                  "prizeValueHint": "$100",
                  "confidence": 0.6,
                  "viaRedemption": false,
                  "giftCard": null
                },
                {
                  "brand": "KINDER",
                  "url": "https://www.kinder.com/au/en/xp/kinderbuenosoundbreaks/term-conditions",
                  "source": "Source: kinder.com (https://www.kinder.com/au/en/xp/kinderbuenosoundbreaks/term-conditions)",
                  "title": "T&amp;C | Kinder Bueno Sound Breaks",
                  "headline": "All provisional winners are subject to verification. Upon verification, winners will be sent their prize. Total prize pool. The total prize pool is AU$43,022.",
                  "type": "PRIZE",
                  "heroCount": 1,
                  "totalWinners": null,
                  "cadence": "daily",
                  "prizeItems": [
                    "data",
                    "car",
                    "holiday",
                    "cash",
                    "plan"
                  ],
                  "prizeValueHint": "$439",
                  "confidence": 0.6,
                  "viaRedemption": false,
                  "giftCard": null
                },
                {
                  "brand": "NUTELLA",
                  "url": "https://www.nutella.com/au/en/xp/nutella-x-kinder-biscuits/winners/",
                  "source": "Source: nutella.com (https://www.nutella.com/au/en/xp/nutella-x-kinder-biscuits/winners/)",
                  "title": "Winners - Nutella",
                  "headline": "Winners",
                  "type": "PRIZE",
                  "heroCount": null,
                  "totalWinners": null,
                  "cadence": null,
                  "prizeItems": [
                    "data",
                    "gift card",
                    "car"
                  ],
                  "prizeValueHint": "$10,000",
                  "confidence": 0.6,
                  "viaRedemption": false,
                  "giftCard": null
                },
                {
                  "brand": "KINDER",
                  "url": "https://www.kinder.com/au/en/kinder-natoons-consumer-promotion-faq",
                  "source": "Source: kinder.com (https://www.kinder.com/au/en/kinder-natoons-consumer-promotion-faq)",
                  "title": "Kinder Natoons Consumer Promotion FAQ - Kinder Australia and New Zealand",
                  "headline": "Kinder Natoons Consumer Promotion FAQ",
                  "type": "PRIZE",
                  "heroCount": null,
                  "totalWinners": null,
                  "cadence": "daily",
                  "prizeItems": [
                    "car",
                    "data",
                    "tv"
                  ],
                  "prizeValueHint": null,
                  "confidence": 0.6,
                  "viaRedemption": false,
                  "giftCard": null
                },
                {
                  "brand": "TCGPROMO",
                  "url": "https://tcgpromo.com.au/au/en/xp/win/terms-lavazza/",
                  "source": "Source: tcgpromo.com.au (https://tcgpromo.com.au/au/en/xp/win/terms-lavazza/)",
                  "title": "Terms-Lavazza | Nutella¬†DeLonghi Promotion",
                  "headline": "All draws will take place at 3:30pm AEST/AEDT (5:30pm NZDT) at Handling Matters Pty Ltd, Unit 40, 1-5 Thew Parade, Cromer NSW 2099 on the dates specified in the ...",
                  "type": "PRIZE",
                  "heroCount": 250,
                  "totalWinners": null,
                  "cadence": null,
                  "prizeItems": [
                    "data",
                    "car",
                    "gift card",
                    "cash",
                    "plan"
                  ],
                  "prizeValueHint": "$15",
                  "confidence": 0.6,
                  "viaRedemption": false,
                  "giftCard": null
                },
                {
                  "brand": "Woolworths",
                  "url": "https://www.lottos.com.au/competitions/viewthreadlite.php?tid=672336",
                  "source": "Source: lottos.com.au (https://www.lottos.com.au/competitions/viewthreadlite.php?tid=672336)",
                  "title": "Verifying...",
                  "headline": "The winner of the Major Prize Draw will win one (1) $10,000 EFTPOS Gift Card. Total prize pool. The total prize pool is AU$50,000. How many ...",
                  "type": "PRIZE",
                  "heroCount": null,
                  "totalWinners": null,
                  "cadence": null,
                  "prizeItems": [
                    "data"
                  ],
                  "prizeValueHint": null,
                  "confidence": 0.6,
                  "viaRedemption": false,
                  "giftCard": null
                },
                {
                  "brand": "KINDER",
                  "url": "https://www.kinder.com/au/en/win",
                  "source": "Source: kinder.com (https://www.kinder.com/au/en/win)",
                  "title": "Win - Kinder Australia and New Zealand",
                  "headline": "Enter for a chance to win 1 of 1500 Natoons Adventure Boards.",
                  "type": "PRIZE",
                  "heroCount": 150,
                  "totalWinners": null,
                  "cadence": null,
                  "prizeItems": [
                    "data",
                    "car"
                  ],
                  "prizeValueHint": null,
                  "confidence": 0.6,
                  "viaRedemption": false,
                  "giftCard": null
                },
                {
                  "brand": "AP-SOUTHEAST-2",
                  "url": "https://ap-southeast-2.graphassets.com/AY4aDPEmTRrKdZ4jgHiscz/cmbr6yjzfyqw6072vyro8jeep",
                  "source": "Source: ap-southeast-2.graphassets.com (https://ap-southeast-2.graphassets.com/AY4aDPEmTRrKdZ4jgHiscz/cmbr6yjzfyqw6072vyro8jeep)",
                  "title": "PR240643 - Conversion - Nutella and Kinder Biscuits Promotion",
                  "headline": "Entries open at 12:00am AEST on 16/07/25 and close at 11:59pm AEST on 26/08/25. (‚ÄúCompetition Period‚Äù). Who can enter?",
                  "type": "PRIZE",
                  "heroCount": null,
                  "totalWinners": null,
                  "cadence": null,
                  "prizeItems": [
                    "tv",
                    "giftcard",
                    "car"
                  ],
                  "prizeValueHint": "$79",
                  "confidence": 0.6,
                  "viaRedemption": false,
                  "giftCard": null
                },
                {
                  "brand": "FERRERO",
                  "url": "https://www.ferrero.com/int/en/news-stories/news/tic-tac-launches-new-choose-your-match-campaign",
                  "source": "Source: ferrero.com (https://www.ferrero.com/int/en/news-stories/news/tic-tac-launches-new-choose-your-match-campaign)",
                  "title": "Tic Tac Launches &#039;Choose Your Match&#039; Campaign - Vote for the Next Limited-Edition Flavor | Ferrero",
                  "headline": "Join Tic Tac's 'Choose Your Match' campaign and help decide the next limited-edition flavor! Explore new refreshing Tic Tac flavors, ...",
                  "type": "PRIZE",
                  "heroCount": null,
                  "totalWinners": null,
                  "cadence": null,
                  "prizeItems": [
                    "car",
                    "plan",
                    "data",
                    "trip",
                    "tv"
                  ],
                  "prizeValueHint": null,
                  "confidence": 0.6,
                  "viaRedemption": false,
                  "giftCard": null
                },
                {
                  "brand": "EMPORIUMSHOWBAGS",
                  "url": "https://emporiumshowbags.com.au/terms-and-conditions/",
                  "source": "Source: emporiumshowbags.com.au (https://emporiumshowbags.com.au/terms-and-conditions/)",
                  "title": "Terms and Conditions | Emporium Showbags",
                  "headline": "Winners will be posted on @‚Äåemporiumshowbags Instagram stories at 7pm Wednesday 24th September 2025 AEDT. Winner will be contacted through our official ...",
                  "type": "PRIZE",
                  "heroCount": null,
                  "totalWinners": null,
                  "cadence": null,
                  "prizeItems": [
                    "data",
                    "car",
                    "cash",
                    "gift card",
                    "voucher",
                    "tv"
                  ],
                  "prizeValueHint": "$500",
                  "confidence": 0.6,
                  "viaRedemption": false,
                  "giftCard": null
                },
                {
                  "brand": "Gelatissimo",
                  "url": "https://gelatissimo.com.au/gelatissimo-marion-birthday-giveaway-tcs/",
                  "source": "Source: gelatissimo.com.au (https://gelatissimo.com.au/gelatissimo-marion-birthday-giveaway-tcs/)",
                  "title": "Gelatissimo Marion Birthday Giveaway T&amp;Cs - Gelatissimo",
                  "headline": "Gelatissimo Marion Birthday Giveaway T&#038;Cs",
                  "type": "PRIZE",
                  "heroCount": null,
                  "totalWinners": null,
                  "cadence": "daily",
                  "prizeItems": [
                    "data",
                    "car",
                    "gift card",
                    "cash",
                    "tv"
                  ],
                  "prizeValueHint": "$500",
                  "confidence": 0.6,
                  "viaRedemption": false,
                  "giftCard": null
                },
                {
                  "brand": "GELATISSIMO",
                  "url": "https://gelatissimo.com.au/social-competition-terms-conditions/",
                  "source": "Source: gelatissimo.com.au (https://gelatissimo.com.au/social-competition-terms-conditions/)",
                  "title": "Social Competitions - Terms &amp; Conditions - Gelatissimo",
                  "headline": "Social Competitions &#8211; Terms &#038; Conditions",
                  "type": "PRIZE",
                  "heroCount": null,
                  "totalWinners": null,
                  "cadence": "daily",
                  "prizeItems": [
                    "data",
                    "car",
                    "gift card",
                    "cash",
                    "tv"
                  ],
                  "prizeValueHint": "$20",
                  "confidence": 0.6,
                  "viaRedemption": false,
                  "giftCard": null
                },
                {
                  "brand": "GELATISSIMO",
                  "url": "https://gelatissimo.com.au/turtally-awesome-colouring-in-competition/",
                  "source": "Source: gelatissimo.com.au (https://gelatissimo.com.au/turtally-awesome-colouring-in-competition/)",
                  "title": "Turtally Awesome Colouring In Competition - Gelatissimo",
                  "headline": "Turtally Awesome Colouring In Competition",
                  "type": "PRIZE",
                  "heroCount": 46,
                  "totalWinners": null,
                  "cadence": "daily",
                  "prizeItems": [
                    "data",
                    "car",
                    "cash",
                    "plan",
                    "gift card",
                    "tv"
                  ],
                  "prizeValueHint": "$49",
                  "confidence": 0.6,
                  "viaRedemption": false,
                  "giftCard": null
                },
                {
                  "brand": "GELATISSIMO",
                  "url": "https://gelatissimo.com.au/celebrate-mont-blanc-moccamaster-giveaway-tcs/",
                  "source": "Source: gelatissimo.com.au (https://gelatissimo.com.au/celebrate-mont-blanc-moccamaster-giveaway-tcs/)",
                  "title": "Celebrate Mont Blanc - Moccamaster Giveaway T&amp;Cs - Gelatissimo",
                  "headline": "Celebrate Mont Blanc &#8211; Moccamaster Giveaway T&#038;Cs",
                  "type": "PRIZE",
                  "heroCount": null,
                  "totalWinners": null,
                  "cadence": "daily",
                  "prizeItems": [
                    "data",
                    "car",
                    "cash",
                    "gift card",
                    "tv"
                  ],
                  "prizeValueHint": "$600",
                  "confidence": 0.6,
                  "viaRedemption": false,
                  "giftCard": null
                },
                {
                  "brand": "Gelatissimo",
                  "url": "https://gelatissimo.com.au/gelatissimo-x-transformers-one-merchandise-competition-terms-conditions/",
                  "source": "Source: gelatissimo.com.au (https://gelatissimo.com.au/gelatissimo-x-transformers-one-merchandise-competition-terms-conditions/)",
                  "title": "Gelatissimo x TRANSFORMERS ONE Merchandise Competition Terms &amp; Conditions - Gelatissimo",
                  "headline": "Gelatissimo x TRANSFORMERS ONE Merchandise Competition Terms &#038; Conditions",
                  "type": "PRIZE",
                  "heroCount": 15,
                  "totalWinners": null,
                  "cadence": "daily",
                  "prizeItems": [
                    "data",
                    "car",
                    "cash",
                    "plan",
                    "gift card",
                    "tv"
                  ],
                  "prizeValueHint": "$500",
                  "confidence": 0.6,
                  "viaRedemption": false,
                  "giftCard": null
                }
              ]
            },
            "retailers": {
              "names": [
                "Coles",
                "Woolworths",
                "ALDI",
                "IGA",
                "7-Eleven",
                "IGA / Metcash",
                "Convenience chains (7-Eleven, NightOwl)"
              ],
              "facts": [
                {
                  "claim": "Shop Wicked Sister Products Online ‚Äî Spend $20 in one transaction, scan your Flybuys and receive one bonus ... Coles Online - Hawthorn East, Victoria Australia 3123 ¬© Copyright Coles 2025 ...",
                  "source": "Source: coles.com.au (https://www.coles.com.au/brands/wicked-sister-2243304464?srsltid=AfmBOorYQ8EpCARESOfggSYw6a0kH6Cd3I8WTHdJ2uPnxIgPwdEmQSyX)"
                },
                {
                  "claim": "Shop Wicked Products Online ‚Äî Wicked Sister High Protein Chocolate Pudding | 170g. Wicked Sister High Protein Chocolate Pudding | 170g. $3.30. $1.94 per 100g.",
                  "source": "Source: coles.com.au (https://www.coles.com.au/brands/wicked-209964905?srsltid=AfmBOortoQhVbLxDlHASP978vo60t2xIrbty54sQNgLP1XZNkHeuMoVj)"
                },
                {
                  "claim": "Shop Wicked Sister Products Online ‚Äî Shop your way at Coles. Our range of Wicked Sister products at everyday low prices you know and trust. Shop online and get home delivery or click and ...",
                  "source": "Source: coles.com.au (https://www.coles.com.au/brands/wicked-sister-2243304464?srsltid=AfmBOophw4pZ-ovAdz4Yo1Wu-oOmT-q36A_DguVvm1KJ1Y5teT7wiTKK)"
                },
                {
                  "claim": "Browse Frozen Desserts ‚Äî Frozen Desserts ; Sara Lee Lemon Cheesecake | 410g ¬∑ $2.20 per 100g ; Sara Lee Frozen Chocolate Buttercake | 350g ¬∑ $2.57 per 100g ; Sara Lee ...",
                  "source": "Source: coles.com.au (https://www.coles.com.au/browse/frozen/frozen-desserts?srsltid=AfmBOoqADk4B-Ru-b16VsUXkYkjrkoV-PHhDU49mf67OBdGP2in7EG7t)"
                },
                {
                  "claim": "Browse Assorted Desserts ‚Äî Assorted Desserts ; Sara Lee Frozen Chocolate Buttercake | 350g ¬∑ $9.00. $2.57 per 100g ; Coles Finest Triple Chocolate Buche | 470g ¬∑ $18.00.",
                  "source": "Source: coles.com.au (https://www.coles.com.au/browse/frozen/frozen-desserts/assorted-desserts?srsltid=AfmBOoqLhpCXuJ8382fayyc4PQ8RPG3OAm3owlAHdkMPjR1g9IWQL5_N)"
                },
                {
                  "claim": "Browse Frozen ‚Äî Binggrae Samanco Dessert Sandwich 4 Pack. Frozen dessert with strawberry or red bean flavours. Shop Now.",
                  "source": "Source: coles.com.au (https://www.coles.com.au/browse/frozen?srsltid=AfmBOooaZxqdFdACnLS3yFGQgsu_guylkITN7tX67HTQrC-MnBEEpot1)"
                },
                {
                  "claim": "Browse Ice Cream ‚Äî Proud & Punch Coconuts For Mango Frozen Dessert 6 Pack | 450mL. Proud & Punch Coconuts For Mango Frozen Dessert 6 Pack | 450mL. $4.25.",
                  "source": "Source: coles.com.au (https://www.coles.com.au/browse/frozen/ice-cream?srsltid=AfmBOopKVUD0tKALr3q2cigrPI24lPrC5JUNTGfeZWP0tHdIiJ964h_W)"
                },
                {
                  "claim": "Browse Cakes & Cheesecakes ‚Äî Sara Lee Lemon Cheesecake | 410g ¬∑ $2.20 per 100g ; Sara Lee Frozen Chocolate Buttercake | 350g ¬∑ $2.57 per 100g ; Sara Lee Frozen Chocolate ...",
                  "source": "Source: coles.com.au (https://www.coles.com.au/browse/frozen/frozen-desserts/cakes-cheesecakes?srsltid=AfmBOoqRuWbhAPkO3Sbtpqm1KvK3E9gS8F9j4TO18tYXyN36IOJMwGxq)"
                }
              ]
            },
            "season": {
              "label": "Spring in Australia",
              "facts": []
            },
            "market": {
              "facts": [
                {
                  "claim": "Bridging the gap: Trends and challenges in grocery and retail ‚Äî With consumers increasingly seeking convenience, food-to-go and meal solutions are becoming increasingly popular. While many grocery retailers ...",
                  "source": "Source: retail.org.au (https://www.retail.org.au/news-and-insights/bridging-the-gap-trends-and-challenges-in-grocery-and-retail)"
                },
                {
                  "claim": "Supermarkets and Grocery Stores in Australia ‚Äî Trends and Insights ¬∑ ACCC's supermarket inquiry has highlighted key industry dynamics. ¬∑ Changing consumer trends are causing a shift in store product mixes.",
                  "source": "Source: ibisworld.com (https://www.ibisworld.com/australia/industry/supermarkets-and-grocery-stores/1834/)"
                },
                {
                  "claim": "Australian Retail Outlook 2025 ‚Äî Retail sector trends and insights for 2025, including digital evolution, customer experience, sustainability and supply chain optimisation.",
                  "source": "Source: kpmg.com (https://kpmg.com/au/en/insights/industry/australian-retail-outlook.html)"
                },
                {
                  "claim": "People infer better odds when many winners are visible; cadence visibility (e.g., daily awards) increases perceived fairness.",
                  "source": "Source: indicative (behavioural marketing literature)"
                }
              ]
            },
            "signals": {
              "facts": [
                {
                  "claim": "Client: Wicked Sister",
                  "source": "Source: brief"
                },
                {
                  "claim": "Brand: Wicked Sister",
                  "source": "Source: brief"
                },
                {
                  "claim": "Campaign objective: Drive two-pack purchases and capture opted-in dessert fans before the Wicked film release.",
                  "source": "Source: brief"
                },
                {
                  "claim": "Promotion type: INSTANT_WIN",
                  "source": "Source: brief"
                },
                {
                  "claim": "Mechanic: Buy 2 products, upload receipts and discover instantly if you‚Äôve scored a movie ticket.",
                  "source": "Source: brief"
                },
                {
                  "claim": "Hook: Win a Movie Ticket Instantly",
                  "source": "Source: brief"
                },
                {
                  "claim": "Channels: In-store",
                  "source": "Source: brief"
                },
                {
                  "claim": "Channels: Social",
                  "source": "Source: brief"
                },
                {
                  "claim": "Channels: Digital",
                  "source": "Source: brief"
                },
                {
                  "claim": "Channels: Influencer",
                  "source": "Source: brief"
                },
                {
                  "claim": "Channels: Retail Media",
                  "source": "Source: brief"
                },
                {
                  "claim": "Channels: GROCERY",
                  "source": "Source: brief"
                },
                {
                  "claim": "Channels: CONVENIENCE",
                  "source": "Source: brief"
                },
                {
                  "claim": "Season/theme: Spring",
                  "source": "Source: brief"
                },
                {
                  "claim": "Staff burden: ZERO",
                  "source": "Source: brief"
                },
                {
                  "claim": "Proof requirement: FULL_RECEIPT",
                  "source": "Source: brief"
                },
                {
                  "claim": "Entry mechanic cues: Win a Movie Ticket Instantly",
                  "source": "Source: brief"
                },
                {
                  "claim": "Entry mechanic cues: Buy 2 products, upload receipts and discover instantly if you‚Äôve scored a movie ticket.",
                  "source": "Source: brief"
                },
                {
                  "claim": "Campaign title: Spring Movie Launch",
                  "source": "Source: brief"
                },
                {
                  "claim": "IP tie-in briefed (licensed): Wicked ‚Äî For Good | type: FILM | window: November 2025.",
                  "source": "Source: brief"
                },
                {
                  "claim": "Recent promos show hero prize counts clustering around ~35.5 (mode ‚âà 1).",
                  "source": "Source: indicative (live promo scan)"
                },
                {
                  "claim": "Cadence cues common in-market: instant & weekly & daily.",
                  "source": "Source: indicative (live promo scan)"
                }
              ]
            },
            "benchmarks": {
              "heroPrize": {
                "median": 35.5,
                "mode": 1
              },
              "cadenceShare": {
                "instant": 0.3529411764705883,
                "weekly": 0.2352941176470588,
                "daily": 0.4117647058823529
              },
              "manyWinnersShare": 0,
              "prizeCountsObserved": {
                "total": 10,
                "common": [
                  {
                    "count": 1,
                    "share": 0.2
                  },
                  {
                    "count": 150,
                    "share": 0.2
                  },
                  {
                    "count": 3,
                    "share": 0.1
                  }
                ]
              },
              "recommendedHeroCount": 3,
              "positionVsMarket": "UNKNOWN"
            },
            "meta": {
              "level": "MAX",
              "warnings": [],
              "usedFallbacks": [],
              "searchProvider": "serper",
              "logs": [
                "search:serper:The Wicked Sisters shopper promotion AU -> 6",
                "search:serper:The Wicked Sisters Coles promotion AU -> 6",
                "search:serper:Frozen dessert Australia market trend -> 6",
                "search:serper:Australia grocery & convenience retail trends -> 6",
                "search:serper:The Wicked Sisters shopper insights AU -> 6",
                "search:serper:Frozen dessert promotion Australia -> 6",
                "search:serper:The Wicked Sisters consumer insights AU -> 6",
                "search:serper:The Wicked Sisters consumer research AU -> 6",
                "search:serper:The Wicked Sisters Coles activation Australia -> 6",
                "search:serper:Frozen dessert category growth Australia -> 6",
                "search:serper:The Wicked Sisters brand campaign AU -> 6",
                "search:serper:The Wicked Sisters buyer insight AU -> 6",
                "search:serper:The Wicked Sisters Coles buyer pitch -> 6",
                "search:serper:The Wicked Sisters market share AU -> 6",
                "search:serper:The Wicked Sisters audience profile Australia -> 6",
                "search:serper:The Wicked Sisters Drive two-pack purchases and capture opted-in dessert fans before the Wicked film release. promotion AU -> 6",
                "search:serper:The Wicked Sisters Coles range review -> 6",
                "search:serper:The Wicked Sisters category performance AU -> 6",
                "search:serper:Primary grocery buyers shopper insights AU -> 6",
                "search:serper:The Wicked Sisters Coles case study -> 6",
                "search:serper:The Wicked Sisters Win a Movie Ticket Instantly promotion AU -> 6",
                "search:serper:The Wicked Sisters sales growth AU -> 6",
                "search:serper:Primary grocery buyers promotion response AU -> 6",
                "search:serper:The Wicked Sisters Woolworths promotion AU -> 6",
                "search:serper:The Wicked Sisters Buy 2 products, upload receipts and discover instantly if you‚Äôve scored a movie ticket. promotion AU -> 6",
                "search:serper:The Wicked Sisters Woolworths activation Australia -> 6",
                "search:serper:The Wicked Sisters Australia -> 6",
                "search:serper:They reward the family with purposeful treats that feel magical but still practical. shopper insights AU -> 6",
                "search:serper:The Wicked Sisters prize draw Australia -> 6",
                "search:serper:The Wicked Sisters Woolworths buyer pitch -> 6",
                "search:serper:They reward the family with purposeful treats that feel magical but still practical. promotion response AU -> 6",
                "search:serper:Plans movie nights, shares dessert finds on social, responds to retailer app notifications. shopper insights AU -> 6",
                "search:serper:The Wicked Sisters Woolworths range review -> 6",
                "search:serper:The Wicked Sisters Woolworths case study -> 6",
                "search:serper:Plans movie nights, shares dessert finds on social, responds to retailer app notifications. promotion response AU -> 6",
                "search:serper:In-store shopper behaviour AU -> 6",
                "search:serper:The Wicked Sisters ALDI promotion AU -> 6",
                "search:serper:The Wicked Sisters ALDI activation Australia -> 6",
                "search:serper:Social shopper behaviour AU -> 6",
                "search:serper:The Wicked Sisters ALDI buyer pitch -> 6",
                "search:serper:Digital shopper behaviour AU -> 6",
                "search:serper:Influencer shopper behaviour AU -> 6",
                "search:serper:The Wicked Sisters ALDI range review -> 6",
                "search:serper:The Wicked Sisters ALDI case study -> 6",
                "search:serper:Australia grocery shopper promotion trends -> 6",
                "search:serper:The Wicked Sisters IGA promotion AU -> 6",
                "search:serper:front-of-store impulse purchase research Australia -> 6",
                "search:serper:The Wicked Sisters IGA activation Australia -> 6",
                "search:serper:AU retail promotional response study -> 6",
                "search:serper:The Wicked Sisters IGA buyer pitch -> 6",
                "search:serper:The Wicked Sisters IGA range review -> 6",
                "search:serper:The Wicked Sisters IGA case study -> 6",
                "search:serper:The Wicked Sisters 7-Eleven promotion AU -> 6",
                "search:serper:The Wicked Sisters 7-Eleven activation Australia -> 6",
                "search:serper:The Wicked Sisters 7-Eleven buyer pitch -> 6",
                "search:serper:The Wicked Sisters 7-Eleven range review -> 6",
                "search:serper:The Wicked Sisters 7-Eleven case study -> 6",
                "search:serper:The Wicked Sisters IGA / Metcash promotion AU -> 6",
                "search:serper:The Wicked Sisters IGA / Metcash activation Australia -> 6",
                "search:serper:The Wicked Sisters IGA / Metcash buyer pitch -> 2",
                "search:serper:The Wicked Sisters IGA / Metcash range review -> 6",
                "search:serper:The Wicked Sisters IGA / Metcash case study -> 6",
                "search:serper:The Wicked Sisters Convenience chains (7-Eleven, NightOwl) promotion AU -> 6",
                "search:serper:The Wicked Sisters Convenience chains (7-Eleven, NightOwl) activation Australia -> 6",
                "search:serper:The Wicked Sisters Convenience chains (7-Eleven, NightOwl) buyer pitch -> 6",
                "search:serper:The Wicked Sisters Convenience chains (7-Eleven, NightOwl) range review -> 6",
                "search:serper:The Wicked Sisters Convenience chains (7-Eleven, NightOwl) case study -> 6",
                "search:serper:The Wicked Sisters ranging Australia -> 6",
                "search:serper:The Wicked Sisters retail buyer feedback -> 6",
                "search:serper:The Wicked Sisters supermarket partnership Australia -> 6",
                "search:serper:Coles freezer space Frozen dessert AU -> 5",
                "search:serper:Frozen dessert treat cost of living AU -> 5",
                "search:serper:Coles range review Frozen dessert AU -> 5",
                "search:serper:Frozen dessert grocery budget indulgence AU -> 5",
                "search:serper:Coles shelf space competition Frozen dessert -> 5",
                "search:serper:Frozen dessert family dessert sharing insight -> 5",
                "search:serper:Woolworths freezer space Frozen dessert AU -> 5",
                "search:serper:Frozen dessert shopper mum buying for family -> 5",
                "search:serper:Woolworths range review Frozen dessert AU -> 5",
                "search:serper:Woolworths shelf space competition Frozen dessert -> 5",
                "search:serper:Frozen dessert affordable luxury Australia -> 5",
                "search:serper:ALDI freezer space Frozen dessert AU -> 5",
                "search:serper:cost of living grocery treat australia -> 5",
                "search:serper:ALDI range review Frozen dessert AU -> 5",
                "search:serper:grocery buyer vs eater insight australia -> 5",
                "search:serper:The Wicked Sisters shopper insight australia -> 5",
                "search:serper:ALDI shelf space competition Frozen dessert -> 5",
                "search:serper:The Wicked Sisters cost of living -> 5",
                "search:serper:IGA freezer space Frozen dessert AU -> 5",
                "search:serper:The Wicked Sisters treat mom insight -> 5",
                "search:serper:IGA range review Frozen dessert AU -> 5",
                "search:serper:IGA shelf space competition Frozen dessert -> 5",
                "search:serper:7-Eleven freezer space Frozen dessert AU -> 5",
                "search:serper:7-Eleven range review Frozen dessert AU -> 5",
                "search:serper:7-Eleven shelf space competition Frozen dessert -> 5",
                "search:serper:IGA / Metcash freezer space Frozen dessert AU -> 5",
                "search:serper:IGA / Metcash range review Frozen dessert AU -> 5",
                "search:serper:IGA / Metcash shelf space competition Frozen dessert -> 5",
                "search:serper:The Wicked Sisters Coles ranging -> 5",
                "search:serper:The Wicked Sisters Woolworths range -> 5",
                "search:serper:The Wicked Sisters freezer facings Australia -> 5",
                "search:serper:Frozen dessert freezer space Australia -> 5",
                "search:serper:Frozen dessert shelf share supermarket -> 5",
                "search:serper:Frozen dessert private label competition Australia -> 5",
                "search:serper:Frozen dessert range review Coles -> 5",
                "search:serper:Frozen dessert range review Woolworths -> 5",
                "search:serper:Frozen dessert independent grocer freezer -> 5",
                "search:serper:Rokeby Farms freezer space Coles -> 5",
                "search:serper:Rokeby Farms Woolworths freezer -> 5",
                "search:serper:Priestley‚Äôs Gourmet Delights freezer space Coles -> 5",
                "search:serper:Priestley‚Äôs Gourmet Delights Woolworths freezer -> 5",
                "search:serper:Jillian's Cakery freezer space Coles -> 5",
                "search:serper:Rokeby Farms promotion AU -> 6",
                "search:serper:Rokeby Farms competition AU -> 6",
                "search:serper:Priestley‚Äôs Gourmet Delights promotion AU -> 6",
                "search:serper:Priestley‚Äôs Gourmet Delights competition AU -> 6",
                "search:serper:Jillian's Cakery promotion AU -> 6",
                "search:serper:Jillian's Cakery competition AU -> 6",
                "search:serper:Belle Fleur promotion AU -> 6",
                "search:serper:Belle Fleur competition AU -> 6",
                "search:serper:Beak & Johnston promotion AU -> 6",
                "search:serper:Beak & Johnston competition AU -> 6",
                "search:serper:Carman's promotion AU -> 6",
                "search:serper:Carman's competition AU -> 6",
                "search:serper:Pauls PLUS+ promotion AU -> 6",
                "search:serper:Pauls PLUS+ competition AU -> 6",
                "search:serper:Chobani promotion AU -> 6",
                "search:serper:Chobani competition AU -> 6",
                "search:serper:Rokeby Farms brand overview AU -> 6",
                "search:serper:Rokeby Farms chilled dessert brand Australia -> 6",
                "search:serper:Rokeby Farms shopper insight AU -> 6",
                "search:serper:Rokeby Farms retail distribution Australia -> 6",
                "search:serper:The Wicked Sisters vs Rokeby Farms -> 6",
                "search:serper:The Wicked Sisters and Rokeby Farms market share -> 6",
                "search:serper:The Wicked Sisters Rokeby Farms comparison Australia -> 6",
                "search:serper:Priestley‚Äôs Gourmet Delights brand overview AU -> 6",
                "search:serper:Priestley‚Äôs Gourmet Delights chilled dessert brand Australia -> 6",
                "search:serper:Priestley‚Äôs Gourmet Delights shopper insight AU -> 6",
                "search:serper:Priestley‚Äôs Gourmet Delights retail distribution Australia -> 6",
                "search:serper:The Wicked Sisters vs Priestley‚Äôs Gourmet Delights -> 6",
                "search:serper:The Wicked Sisters and Priestley‚Äôs Gourmet Delights market share -> 6",
                "search:serper:The Wicked Sisters Priestley‚Äôs Gourmet Delights comparison Australia -> 6",
                "search:serper:Jillian's Cakery brand overview AU -> 6",
                "search:serper:Jillian's Cakery chilled dessert brand Australia -> 6",
                "search:serper:Jillian's Cakery shopper insight AU -> 6",
                "search:serper:Jillian's Cakery retail distribution Australia -> 6",
                "search:serper:The Wicked Sisters vs Jillian's Cakery -> 6",
                "search:serper:The Wicked Sisters and Jillian's Cakery market share -> 6",
                "search:serper:The Wicked Sisters Jillian's Cakery comparison Australia -> 6",
                "search:serper:Belle Fleur brand overview AU -> 6",
                "search:serper:Belle Fleur chilled dessert brand Australia -> 6",
                "search:serper:Belle Fleur shopper insight AU -> 6",
                "search:serper:Belle Fleur retail distribution Australia -> 6",
                "search:serper:The Wicked Sisters vs Belle Fleur -> 6",
                "search:serper:The Wicked Sisters and Belle Fleur market share -> 6",
                "search:serper:The Wicked Sisters Belle Fleur comparison Australia -> 6",
                "search:serper:Beak & Johnston brand overview AU -> 6",
                "search:serper:Beak & Johnston chilled dessert brand Australia -> 6",
                "search:serper:Beak & Johnston shopper insight AU -> 6",
                "search:serper:Beak & Johnston retail distribution Australia -> 6",
                "search:serper:The Wicked Sisters vs Beak & Johnston -> 6",
                "search:serper:The Wicked Sisters and Beak & Johnston market share -> 6",
                "search:serper:The Wicked Sisters Beak & Johnston comparison Australia -> 6",
                "search:serper:Carman's brand overview AU -> 6",
                "search:serper:Carman's chilled dessert brand Australia -> 6",
                "search:serper:Carman's shopper insight AU -> 6",
                "search:serper:Carman's retail distribution Australia -> 6",
                "search:serper:The Wicked Sisters vs Carman's -> 6",
                "search:serper:The Wicked Sisters and Carman's market share -> 6",
                "search:serper:The Wicked Sisters Carman's comparison Australia -> 6",
                "search:serper:Pauls PLUS+ brand overview AU -> 6",
                "search:serper:Pauls PLUS+ chilled dessert brand Australia -> 6",
                "search:serper:Pauls PLUS+ shopper insight AU -> 6",
                "search:serper:Pauls PLUS+ retail distribution Australia -> 6",
                "search:serper:The Wicked Sisters vs Pauls PLUS+ -> 6",
                "search:serper:The Wicked Sisters and Pauls PLUS+ market share -> 6",
                "editorial:success",
                "catType=GENERIC",
                "liquorSub=UNKNOWN",
                "assured=false",
                "promos_collected=83",
                "benchmarks={\"heroPrize\":{\"median\":35.5,\"mode\":1},\"cadenceShare\":{\"instant\":0.35294117647058826,\"weekly\":0.23529411764705882,\"daily\":0.4117647058823529},\"manyWinnersShare\":0,\"prizeCountsObserved\":{\"total\":10,\"common\":[{\"count\":1,\"share\":0.2},{\"count\":150,\"share\":0.2},{\"count\":3,\"share\":0.1}]},\"recommendedHeroCount\":3,\"positionVsMarket\":\"UNKNOWN\"}"
              ],
              "cachedAt": "2025-11-01T07:36:39.136Z"
            },
            "insights": {
              "brand": [
                {
                  "text": "Wicked Sister x Wicked ‚Äî Purchase any two packs of Wicked Sister Products for your chance to instantly win a movie ticket!",
                  "source": "wickedsisterwin.com.au"
                },
                {
                  "text": "FAQs - Wicked Sister x Wicked ‚Äî Buy any 2 packs of Wicked Sister products in one transaction from a Woolworths store during the Woolworths Exclusive promotion period. Then go ...",
                  "source": "wickedsisterwin.com.au"
                },
                {
                  "text": "Wicked Sister: Home Page ‚Äî Enjoy wickedly delicious desserts designed for everyday indulgence by Wicked Sister. Explore our wicked range, try recipes and find stockists here.",
                  "source": "wickedsister.com.au"
                }
              ],
              "audience": [
                {
                  "text": "Wicked Sister goes 'For Good' with new Wicked-inspired ... ‚Äî Chilled dessert brand Wicked Sister has launched limited-edition dessert pots inspired by Wicked: For Good film set to premiere next month.",
                  "source": "insidefmcg.com.au"
                },
                {
                  "text": "Paul Polly from Wicked Sister | Determined to succeed ‚Äî This is the story of Paul Polly and Wicked Sister desserts. Learn how he went from one pot to a $12 million factory.",
                  "source": "nab.com.au"
                },
                {
                  "text": "Wicked Sister bulks up protein pudding pack size ‚Äî With 15 grams of protein per serving and available in chocolate, strawberry, banana, along with a new vanilla flavour, these join the wider 170 ...",
                  "source": "foodanddrinkbusiness.com.au"
                }
              ],
              "retailers": [
                {
                  "text": "Shop Wicked Sister Products Online ‚Äî Spend $20 in one transaction, scan your Flybuys and receive one bonus ... Coles Online - Hawthorn East, Victoria Australia 3123 ¬© Copyright Coles 2025 ...",
                  "source": "coles.com.au"
                },
                {
                  "text": "Shop Wicked Products Online ‚Äî Wicked Sister High Protein Chocolate Pudding | 170g. Wicked Sister High Protein Chocolate Pudding | 170g. $3.30. $1.94 per 100g.",
                  "source": "coles.com.au"
                },
                {
                  "text": "Shop Wicked Sister Products Online ‚Äî Shop your way at Coles. Our range of Wicked Sister products at everyday low prices you know and trust. Shop online and get home delivery or click and ...",
                  "source": "coles.com.au"
                },
                {
                  "text": "Browse Frozen Desserts ‚Äî Frozen Desserts ; Sara Lee Lemon Cheesecake | 410g ¬∑ $2.20 per 100g ; Sara Lee Frozen Chocolate Buttercake | 350g ¬∑ $2.57 per 100g ; Sara Lee ...",
                  "source": "coles.com.au"
                }
              ],
              "market": [
                {
                  "text": "Bridging the gap: Trends and challenges in grocery and retail ‚Äî With consumers increasingly seeking convenience, food-to-go and meal solutions are becoming increasingly popular. While many grocery retailers ...",
                  "source": "retail.org.au"
                },
                {
                  "text": "Supermarkets and Grocery Stores in Australia ‚Äî Trends and Insights ¬∑ ACCC's supermarket inquiry has highlighted key industry dynamics. ¬∑ Changing consumer trends are causing a shift in store product mixes.",
                  "source": "ibisworld.com"
                },
                {
                  "text": "Australian Retail Outlook 2025 ‚Äî Retail sector trends and insights for 2025, including digital evolution, customer experience, sustainability and supply chain optimisation.",
                  "source": "kpmg.com"
                }
              ],
              "signals": [
                {
                  "text": "Client: Wicked Sister",
                  "source": "brief"
                },
                {
                  "text": "Brand: Wicked Sister",
                  "source": "brief"
                },
                {
                  "text": "Campaign objective: Drive two-pack purchases and capture opted-in dessert fans before the Wicked film release.",
                  "source": "brief"
                },
                {
                  "text": "Promotion type: INSTANT_WIN",
                  "source": "brief"
                }
              ],
              "competitors": [
                {
                  "text": "Brief competitor: Streets",
                  "source": "brief"
                },
                {
                  "text": "Rokeby Farms Chocolate Protein Smoothie 6 x 425ml ‚Äî Rokeby Farms Chocolate Protein Smoothie 6 x 425ml is a protein drink providing all 9 essential amino acids while providing sustained energy and fullness.",
                  "source": "costco.com.au"
                },
                {
                  "text": "Rokeby Farms ‚Äî All Rokeby Farms products are now available with Subscribe & Save ¬∑ Enjoy 5% off on every recurring order!",
                  "source": "bulkeatswarehouse.com.au"
                },
                {
                  "text": "Rokeby Nutrition ‚Äî Rokeby is a nutrition food company based in Melbourne. We make a range of award-winning dairy products to enjoy as part of a healthy lifestyle.",
                  "source": "rokebynutrition.com"
                }
              ]
            },
            "dossier": {
              "brandTruths": [
                {
                  "text": "Wicked Sister is leveraging the excitement of the upcoming 'Wicked: For Good' film by launching a limited-edition dessert pot range, aiming to drive consumer engagement through a movie-themed promotion.",
                  "source": "insidefmcg.com.au"
                },
                {
                  "text": "The brand's promotion offers an instant win mechanic, where purchasing two packs of Wicked Sister products gives consumers a chance to win movie tickets, effectively incentivizing multi-pack purchases.",
                  "source": "wickedsisterwin.com.au"
                }
              ],
              "shopperTensions": [
                {
                  "text": "Consumers are increasingly seeking convenience and indulgence, yet face cost-of-living pressures that may limit discretionary spending on premium desserts.",
                  "source": "retail.org.au"
                },
                {
                  "text": "While Wicked Sister positions itself as an everyday indulgence, the need to balance health-conscious choices with indulgence may create tension for health-aware consumers.",
                  "source": "wickedsister.com.au"
                }
              ],
              "retailerReality": [
                {
                  "text": "Coles and Woolworths dominate the retail landscape, with exclusive promotions like the Wicked Sister x Wicked campaign running through Woolworths, highlighting the retailer's clout in driving brand visibility.",
                  "source": "coles.com.au"
                },
                {
                  "text": "Freezer congestion in major supermarkets can limit shelf space for new product launches, making strategic partnerships with retailers crucial for visibility.",
                  "source": "woolworths.com.au"
                }
              ],
              "competitorMoves": [
                {
                  "text": "Rokeby Farms is expanding its product range with high-protein offerings, appealing to health-conscious consumers and potentially diverting attention from indulgent dessert options.",
                  "source": "rokebynutrition.com"
                },
                {
                  "text": "Competitors like Streets continue to maintain strong market presence, emphasizing the need for Wicked Sister to differentiate through unique promotions and partnerships.",
                  "source": "brief"
                }
              ],
              "categorySignals": [
                {
                  "text": "The frozen desserts market is projected to grow significantly, with a CAGR of approximately 5.4% from 2024 to 2034, indicating a robust opportunity for brands like Wicked Sister to capture market share.",
                  "source": "globalinsightservices.com"
                },
                {
                  "text": "The Australian ice cream market is expected to grow at a slower pace, with a 1.51% CAGR, suggesting that innovation and unique marketing strategies will be key to driving growth in the frozen dessert segment.",
                  "source": "expertmarketresearch.com.au"
                }
              ],
              "benchmarks": []
            }
          },
          "benchmarks": {
            "cashback": {
              "sample": 0,
              "typicalAbs": null,
              "maxAbs": null,
              "typicalPct": null,
              "maxPct": null,
              "p25": null,
              "p75": null,
              "sources": []
            },
            "prizeCountsObserved": {
              "total": 0,
              "common": []
            },
            "recommendedHeroCount": 3,
            "positionVsMarket": "UNKNOWN"
          },
          "priorOpinion": "The spring movie launch for Wicked Sister offers a chance to disrupt the frozen dessert market with a magical twist. This moment aligns perfectly with the upcoming Wicked: For Good film, capturing both the enchantment of cinema and the indulgence of desserts. As the market is set to grow at a 7.77% CAGR, seizing this opportunity can establish Wicked Sister as a category leader (Source: imarcgroup.com). Today, the plan works because it taps into the shopper‚Äôs desire for immediate gratification and shared experiences. The instant win mechanic aligns with the brand‚Äôs playful tone, while the film tie-in adds a layer of thematic magic. Retailers like Coles and Woolworths are primed for promotions that increase basket size without burdening staff (Source: coles.com.au). The cultural timing, with the film‚Äôs release, ensures heightened consumer interest and engagement. To improve, convert single movie tickets to double passes. This change enhances perceived value and emotional engagement, capitalizing on the film‚Äôs shared magic theme. Implement a daily winner cadence to maintain excitement and urgency, using digital channels to announce winners. This approach respects operational constraints and maximizes consumer touchpoints. The Strategist‚Äôs insight shows that a shared reward aligns with the cultural moment, increasing the promotion‚Äôs appeal. Retailers will appreciate the streamlined operations. No additional staff lift is reqred, as the digital-first approach ensures seamless integration. The buy-two mechanic promises increased basket size, defending freezer space against competitors like Streets and Sara Lee. The plan fits within current operational realities, ensuring retailer buy-in and support. To tighten, focus solely on the double pass upgrade. This pragmatic tweak maintains breadth while doubling emotional engagement, without altering store operations. For a stretch, introduce a hero overlay with grand prizes like a lury cinema experience. Fund this from the existing prize budget, adding aspiration without compromising the broad appeal. This bolder move enhances the fame overlay, aligning with the Wicked IP. ‚ÄúWin a Double Pass Instantly‚Äù ‚ÄúPurchase two, upload receipt, and win instantly.‚Äù",
          "priorImprovement": null,
          "dealbreakers": [
            "Entry is genuinely onerous (mail-in or multi-proof at first step). This will suppress trial."
          ],
          "ideationHarness": null
        },
        "offerIQ": {
          "score": 4.8,
          "verdict": "REVIEW",
          "confidence": 0.5,
          "lenses": {
            "adequacy": {
              "score": 4.5,
              "why": "Expected buyers/entries not provided; adequacy judged via cadence and visibility.",
              "fix": "Add: expected buyers/entries and total winners, or show ‚ÄúTotal winners‚Äù and cadence in communications."
            },
            "simplicity": {
              "score": 6.5,
              "why": "Some admin implied (fields/proof or wait time).",
              "fix": "Keep claim one-screen; limit fields; good OCR; publish timelines."
            },
            "certainty": {
              "score": 3.7,
              "why": "Perceived odds unclear; cadence thin.",
              "fix": "Show cadence and ‚ÄúTotal winners‚Äù; avoid fine print that hides odds."
            },
            "salience": {
              "score": 4,
              "why": "Needs a visible moment or total-winners headline.",
              "fix": "Publish ‚ÄúTotal winners‚Äù and name the cadence; add a bold moment line."
            },
            "talkability": {
              "score": 5,
              "why": "Seasonal hook helps.",
              "fix": "Add a brand-right experiential or symbolic angle."
            },
            "retailerFit": {
              "score": 6,
              "why": "Ensure any adjudication is central; ship pre-packed POS.",
              "fix": "Keep staff script ‚â§5s; no in-store adjudication."
            },
            "brandFit": {
              "score": 5,
              "why": "Feels generic; weak brand lock.",
              "fix": "Lock line and visuals to distinctive assets and the brand‚Äôs functional truth."
            }
          },
          "hardFlags": [],
          "recommendations": [
            "Add: expected buyers/entries and total winners, or show ‚ÄúTotal winners‚Äù and cadence in communications.",
            "Keep claim one-screen; limit fields; good OCR; publish timelines.",
            "Publish ‚ÄúTotal winners‚Äù and name the cadence; add a bold moment line.",
            "Publish ‚ÄúTotal winners‚Äù and show cadence prominently.",
            "Add visible cadence (instant or weekly) to match in-market fairness signals."
          ],
          "asks": [
            "Provide expected buyers/entries (range)."
          ],
          "mode": "PRIZE",
          "diagnostics": {
            "valueAmount": 0,
            "aspAnchor": 100,
            "expectedBuyers": null,
            "totalWinners": 2010,
            "coverageRate": null,
            "cadenceSignals": false,
            "symbolicSignals": false,
            "headlineMax": 0,
            "banded": false,
            "overlay": false,
            "overlayExperiential": false,
            "overlayLabel": "",
            "researchBenchmarks": {
              "heroPrize": {
                "median": 35.5,
                "mode": 1
              },
              "cadenceShare": {
                "instant": 0.3529411764705883,
                "weekly": 0.2352941176470588,
                "daily": 0.4117647058823529
              },
              "manyWinnersShare": 0,
              "prizeCountsObserved": {
                "total": 10,
                "common": [
                  {
                    "count": 1,
                    "share": 0.2
                  },
                  {
                    "count": 150,
                    "share": 0.2
                  },
                  {
                    "count": 3,
                    "share": 0.1
                  }
                ]
              },
              "recommendedHeroCount": 3,
              "positionVsMarket": "UNKNOWN"
            },
            "cashbackVsMarket": "UNKNOWN",
            "heroVsMarket": "UNKNOWN"
          }
        },
        "research": {
          "brand": {
            "query": "The Wicked Sisters",
            "summary": "The Wicked Sisters is a Russian fairy tale collected by Alexander Afanasyev in Narodnye russkie skazki.",
            "facts": [
              {
                "claim": "Wicked Sister x Wicked ‚Äî Purchase any two packs of Wicked Sister Products for your chance to instantly win a movie ticket!",
                "source": "Source: wickedsisterwin.com.au (https://wickedsisterwin.com.au/)"
              },
              {
                "claim": "FAQs - Wicked Sister x Wicked ‚Äî Buy any 2 packs of Wicked Sister products in one transaction from a Woolworths store during the Woolworths Exclusive promotion period. Then go ...",
                "source": "Source: wickedsisterwin.com.au (https://wickedsisterwin.com.au/faq)"
              },
              {
                "claim": "Wicked Sister: Home Page ‚Äî Enjoy wickedly delicious desserts designed for everyday indulgence by Wicked Sister. Explore our wicked range, try recipes and find stockists here.",
                "source": "Source: wickedsister.com.au (https://www.wickedsister.com.au/)"
              }
            ]
          },
          "audience": {
            "notes": "Primary grocery buyers ‚Ä¢ They reward the family with purposeful treats that feel magical but still practical. ‚Ä¢ Plans movie nights, shares dessert finds on social, responds to retailer app notifications.",
            "facts": [
              {
                "claim": "Wicked Sister goes 'For Good' with new Wicked-inspired ... ‚Äî Chilled dessert brand Wicked Sister has launched limited-edition dessert pots inspired by Wicked: For Good film set to premiere next month.",
                "source": "Source: insidefmcg.com.au (https://insidefmcg.com.au/2025/10/13/wicked-sister-goes-for-good-with-new-wicked-inspired-desserts/)"
              },
              {
                "claim": "Paul Polly from Wicked Sister | Determined to succeed ‚Äî This is the story of Paul Polly and Wicked Sister desserts. Learn how he went from one pot to a $12 million factory.",
                "source": "Source: nab.com.au (https://www.nab.com.au/business/small-business/moments/business-progress/wickedsister)"
              },
              {
                "claim": "Wicked Sister bulks up protein pudding pack size ‚Äî With 15 grams of protein per serving and available in chocolate, strawberry, banana, along with a new vanilla flavour, these join the wider 170 ...",
                "source": "Source: foodanddrinkbusiness.com.au (https://www.foodanddrinkbusiness.com.au/new-in-store/wicked-sister-bulks-up-protein-pudding-pack-size)"
              }
            ]
          },
          "category": {
            "query": "Frozen dessert",
            "summary": "Frozen dessert is a dessert made by freezing liquids, semi-solids, and sometimes solids. They may be based on flavored water, on fruit pur√©es, on milk and cream, on custard, on mousse (semifreddo), and others. It is sometimes sold as ice-cream in South Asia and other countries.",
            "facts": [
              {
                "claim": "Frozen dessert is a dessert made by freezing liquids, semi-solids, and sometimes solids. They may be based on flavored water, on fruit pur√©es, on milk and cream, on custard, on mousse (semifreddo), and others. It is sometimes sold as ice-cream in South Asia and other countries.",
                "source": "Source: Wikipedia ‚Äî Frozen dessert (https://en.wikipedia.org/wiki/Frozen%20dessert)"
              },
              {
                "claim": "Australia Ice Cream Market Share, Growth & Forecast 2030 ‚Äî The Australia Ice Cream Market is projected to witness a CAGR of 2.95% for the forecast period between 2023 and 2030.",
                "source": "Source: marketsandata.com (https://www.marketsandata.com/industry-reports/australia-ice-cream-market)"
              },
              {
                "claim": "Australia Ice Cream Market Share, Size, Growth Report ‚Äî The Australia ice cream market, valued at AUD 1407.35 million in 2024, is projected to grow at 1.51% CAGR, reaching AUD 1634.90 million by 2034.",
                "source": "Source: expertmarketresearch.com.au (https://www.expertmarketresearch.com.au/reports/australia-ice-cream-market)"
              },
              {
                "claim": "Frozen Desserts Market Size, Growth, Trends and Forecast ‚Äî Frozen Desserts Market is anticipated to expand from $112.9 billion in 2024 to $191.5 billion by 2034, growing at a CAGR of approximately 5.4%.",
                "source": "Source: globalinsightservices.com (https://www.globalinsightservices.com/reports/frozen-desserts-market/)"
              },
              {
                "claim": "Frozen Desserts ‚Äî Frozen Desserts ; $9.00. $2.40 / 100G. Sara Lee Chocolate Swirl Bavarian 375g. Promoted ; $7.20. $9.00 $2.00 / 100G. Sara Lee French Cream Cheesecake 360g. 4.5 / ...Read more",
                "source": "Source: woolworths.com.au (https://www.woolworths.com.au/shop/browse/freezer/frozen-desserts?srsltid=AfmBOor978BnhC9QQ7V61ixEDkNXooZBKeO_izpimvDYa_XMaM_pK2PV)"
              },
              {
                "claim": "Ice Cream Specials & Offers ‚Äî SAVE $1.90. $7.60. $9.50 $0.76 / 100ML. Sanitarium So Good Vanilla Bliss Frozen Dessert 1L. Add to cart. Save to list. 20% Off. SAVE $3.00. $12.00. $15.00 $2.53 ...Read more",
                "source": "Source: woolworths.com.au (https://www.woolworths.com.au/shop/browse/freezer/ice-cream/ice-cream-specials?srsltid=AfmBOopklJhi7Q-ODSy445CW1x4bWiwbCJfR-Bf19Nz6h5iPuw5p1RoP)"
              }
            ]
          },
          "competitors": {
            "names": [
              "Rokeby Farms",
              "Priestley‚Äôs Gourmet Delights",
              "Jillian's Cakery",
              "Belle Fleur",
              "Beak & Johnston",
              "Carman's",
              "Pauls PLUS+",
              "Chobani",
              "Sara Lee",
              "Streets",
              "Ferrero Australia",
              "Gelatissimo"
            ],
            "facts": [
              {
                "claim": "Brief competitor: Streets",
                "source": "Source: brief"
              },
              {
                "claim": "Rokeby Farms Chocolate Protein Smoothie 6 x 425ml ‚Äî Rokeby Farms Chocolate Protein Smoothie 6 x 425ml is a protein drink providing all 9 essential amino acids while providing sustained energy and fullness.",
                "source": "Source: costco.com.au (https://www.costco.com.au/Business-Delivery/Beverages/Other-Drinks/Rokeby-Farms-Chocolate-Protein-Smoothie-6-x-425ml/p/163543_BD)"
              },
              {
                "claim": "Rokeby Farms ‚Äî All Rokeby Farms products are now available with Subscribe & Save ¬∑ Enjoy 5% off on every recurring order!",
                "source": "Source: bulkeatswarehouse.com.au (https://bulkeatswarehouse.com.au/collections/rokeby-farms?srsltid=AfmBOor6oarDx_IPDf159c9EL9eQwXX8n14gx1vpjMrGlr10qZ4zQgwm)"
              },
              {
                "claim": "Rokeby Nutrition ‚Äî Rokeby is a nutrition food company based in Melbourne. We make a range of award-winning dairy products to enjoy as part of a healthy lifestyle.",
                "source": "Source: rokebynutrition.com (https://rokebynutrition.com/)"
              },
              {
                "claim": "ROKEBY FARM Archives ‚Äî ROKEBY FARM offers Bold Brew drinks in flavors like Double Shot, Iced Mocha, and Iced Latte, and Protein Smoothies in flavors like Banana Honey & Cinnamon, ...",
                "source": "Source: coast2coastdistributors.com.au (https://coast2coastdistributors.com.au/product-category/alternate-flavoured-milks/rokeby-farm-alternate-flavoured-milks/)"
              },
              {
                "claim": "Shop Rokeby Products Online ‚Äî Shop your way at Coles. Our range of Rokeby products at everyday low prices you know and trust. Shop online and get home delivery or ...",
                "source": "Source: coles.com.au (https://www.coles.com.au/brands/rokeby-811816065?srsltid=AfmBOop9dnVgblMzb0AKajWg_OilDB9BIOzgQmQXynZr2Vt3zHlm3A-e)"
              },
              {
                "claim": "Rokeby Farms Protein Smoothie - Dutch Chocolate ‚Äî $4.95. Rokeby Farms Whole Protein Smoothie! Loaded with real cocoa for natural chocolate goodness. Ingredients: Filtered low fat milk, cane sugar, cream, dutch ...",
                "source": "Source: athletesnutrition.com.au (https://athletesnutrition.com.au/products/copy-of-rokeby-farms-protein-smoothie-banana-honey-cinnamon?srsltid=AfmBOopwuArEAMTQsdUswAhgf4qe8xQLZ0MEHrJwVeh5quVK1ZxLYReF)"
              },
              {
                "claim": "üéâüéâ COMPETITION: To share some smoothie love we are ... ‚Äî COMPETITION: To share some smoothie love we are giving away one lucky Rokeby Farms fan a year's supply of our smoothies! To enter: 1. Like ...",
                "source": "Source: instagram.com (https://www.instagram.com/p/CTTJ7b1PNIQ/)"
              },
              {
                "claim": "Competition/Antitrust & Consumer ‚Äî acquisition of a 45% interest in the Made Group (owners of the Cocobella, Rokeby Farms, Impressed Juice and Nutrient Water brands), together with its bottler, ...",
                "source": "Source: addisons.com (https://addisons.com/capabilities/competition-consumer-antitrust/)"
              },
              {
                "claim": "Our brands ‚Äî Rokeby is a functional dairy brand offering a range of high quality products that deliver natural straight-up nutrition to smartly power active people through ...",
                "source": "Source: madegroup.com (https://www.madegroup.com/our-brands)"
              },
              {
                "claim": "About Rokeby ‚Äî Rokeby products are naturally high in protein, made from fresh locally sourced milk and trusted quality ingredients, to help you smartly power through your day.",
                "source": "Source: rokebynutrition.com (https://rokebynutrition.com/pages/about-rokeby)"
              },
              {
                "claim": "Rokeby Farms: Premium protein driving significant growth ‚Äî Rokeby Farms innovative Whole Protein Breakfast Smoothies are made with fresh, cold-filtered milk that contains twice the protein of regular milk and no added ...",
                "source": "Source: c-store.com.au (https://www.c-store.com.au/rokeby-farms-premium-protein-driving-significant-growth/)"
              }
            ],
            "promos": [
              {
                "brand": "ROKEBYNUTRITION",
                "url": "https://rokebynutrition.com/",
                "source": "Source: rokebynutrition.com (https://rokebynutrition.com/)",
                "title": "Rokeby Nutrition",
                "headline": "Rokeby is a nutrition food company based in Melbourne. We make a range of award-winning dairy products to enjoy as part of a healthy lifestyle.",
                "type": "PRIZE",
                "heroCount": null,
                "totalWinners": null,
                "cadence": null,
                "prizeItems": [
                  "car",
                  "data",
                  "tv"
                ],
                "prizeValueHint": null,
                "confidence": 0.6,
                "viaRedemption": false,
                "giftCard": null
              },
              {
                "brand": "RMHHOMELOTTERY",
                "url": "https://www.rmhhomelottery.com.au/pdfs/rmh-mel-2025-2-winners-FA.pdf",
                "source": "Source: rmhhomelottery.com.au (https://www.rmhhomelottery.com.au/pdfs/rmh-mel-2025-2-winners-FA.pdf)",
                "title": "Congratulations",
                "headline": "Congratulations to our. $5.3M Grand Prize winner! Rowena of Swifts Creek (#10134243) has won this fully furnished home in Camberwell. Win big ...",
                "type": "PRIZE",
                "heroCount": null,
                "totalWinners": null,
                "cadence": null,
                "prizeItems": [
                  "data",
                  "tv",
                  "car",
                  "cash",
                  "holiday"
                ],
                "prizeValueHint": "$39",
                "confidence": 0.6,
                "viaRedemption": false,
                "giftCard": null
              },
              {
                "brand": "ADDISONS",
                "url": "https://addisons.com/capabilities/competition-consumer-antitrust/",
                "source": "Source: addisons.com (https://addisons.com/capabilities/competition-consumer-antitrust/)",
                "title": "Competition/Antitrust &amp; Consumer | Addisons | Sydney Law Firm",
                "headline": "Competition/Antitrust &#038; Consumer",
                "type": "PRIZE",
                "heroCount": null,
                "totalWinners": null,
                "cadence": null,
                "prizeItems": [
                  "car",
                  "data",
                  "plan"
                ],
                "prizeValueHint": "$534",
                "confidence": 0.6,
                "viaRedemption": false,
                "giftCard": null
              },
              {
                "brand": "DIAA",
                "url": "https://diaa.asn.au/wp-content/uploads/2019_DIAA_Vic_Results.pdf",
                "source": "Source: diaa.asn.au (https://diaa.asn.au/wp-content/uploads/2019_DIAA_Vic_Results.pdf)",
                "title": "DIAA Victorian Dairy Product Competition",
                "headline": "Rokeby Farms Whole Protein Smoothie. Chocolate. 17.00. Bulla Dairy Foods. Bulla ... Victorian Dairy Product Competitions visit: www.diaa.asn.au. Dairy Industry.",
                "type": "PRIZE",
                "heroCount": null,
                "totalWinners": null,
                "cadence": null,
                "prizeItems": [
                  "data",
                  "tv",
                  "car"
                ],
                "prizeValueHint": "$06",
                "confidence": 0.6,
                "viaRedemption": false,
                "giftCard": null
              },
              {
                "brand": "FOODANDDRINKBUSINESS",
                "url": "https://www.foodanddrinkbusiness.com.au/news/rethinking-the-white-drink",
                "source": "Source: foodanddrinkbusiness.com.au (https://www.foodanddrinkbusiness.com.au/news/rethinking-the-white-drink)",
                "title": "Rethinking the white drink - Food &amp; Drink Business",
                "headline": "Rethinking the white drink",
                "type": "PRIZE",
                "heroCount": null,
                "totalWinners": null,
                "cadence": null,
                "prizeItems": [
                  "data",
                  "car",
                  "plan",
                  "tv"
                ],
                "prizeValueHint": null,
                "confidence": 0.6,
                "viaRedemption": false,
                "giftCard": null
              },
              {
                "brand": "Rokeby Farms",
                "url": "https://www.retailbiz.com.au/offline-retailing/rokeby-farms-premium-protein-driving-significant-growth/",
                "source": "Source: retailbiz.com.au (https://www.retailbiz.com.au/offline-retailing/rokeby-farms-premium-protein-driving-significant-growth/)",
                "title": "Rokeby Farms: Premium protein driving significant growth - retailbiz",
                "headline": "Rokeby Farms sources fresh milk from a selection of farms located in Victoria, which is then delivered to its new manufacturing facility located ...",
                "type": "PRIZE",
                "heroCount": null,
                "totalWinners": null,
                "cadence": null,
                "prizeItems": [
                  "car",
                  "data",
                  "plan",
                  "plans",
                  "tv"
                ],
                "prizeValueHint": "$10",
                "confidence": 0.6,
                "viaRedemption": false,
                "giftCard": null
              },
              {
                "brand": "WHATSINSEASON",
                "url": "https://www.whatsinseason.com.au/blog/turn-fries-into-cash-win-200k/",
                "source": "Source: whatsinseason.com.au (https://www.whatsinseason.com.au/blog/turn-fries-into-cash-win-200k/)",
                "title": "Turn Fries into Cash - Win $200K - Welcome - InSeason",
                "headline": "Turn Fries into Cash &#8211; Win $200K",
                "type": "PRIZE",
                "heroCount": null,
                "totalWinners": null,
                "cadence": "weekly",
                "prizeItems": [
                  "data",
                  "cash",
                  "car",
                  "tv"
                ],
                "prizeValueHint": "$200",
                "confidence": 0.6,
                "viaRedemption": false,
                "giftCard": null
              },
              {
                "brand": "PRIESTLEYS-GOURMET",
                "url": "https://www.priestleys-gourmet.com.au/",
                "source": "Source: priestleys-gourmet.com.au (https://www.priestleys-gourmet.com.au/)",
                "title": "Wholesale Cakes, Desserts &amp; Baked Goods for Cafes &amp; Businesses | Priestley&#039;s Gourmet Delights",
                "headline": "Homepage #New",
                "type": "PRIZE",
                "heroCount": null,
                "totalWinners": null,
                "cadence": null,
                "prizeItems": [
                  "data",
                  "car",
                  "tv",
                  "trip"
                ],
                "prizeValueHint": null,
                "confidence": 0.6,
                "viaRedemption": false,
                "giftCard": null
              },
              {
                "brand": "GOURMET-DELIGHTS",
                "url": "https://gourmet-delights.com.au/",
                "source": "Source: gourmet-delights.com.au (https://gourmet-delights.com.au/)",
                "title": "Gourmet Delights &#8211; A Little Bite of Heaven.",
                "headline": "Your perfect partner for me time moments.",
                "type": "PRIZE",
                "heroCount": null,
                "totalWinners": null,
                "cadence": null,
                "prizeItems": [
                  "data",
                  "car"
                ],
                "prizeValueHint": null,
                "confidence": 0.6,
                "viaRedemption": false,
                "giftCard": null
              },
              {
                "brand": "PRIESTLEYS-GOURMET",
                "url": "https://www.priestleys-gourmet.com.au/blog",
                "source": "Source: priestleys-gourmet.com.au (https://www.priestleys-gourmet.com.au/blog)",
                "title": "Priestley&#039;s Blog | Priestley&#039;s Gourmet Delights",
                "headline": "Priestley&#8217;s Blog",
                "type": "PRIZE",
                "heroCount": null,
                "totalWinners": null,
                "cadence": null,
                "prizeItems": [
                  "data",
                  "car",
                  "tv",
                  "holiday",
                  "trip"
                ],
                "prizeValueHint": null,
                "confidence": 0.6,
                "viaRedemption": false,
                "giftCard": null
              },
              {
                "brand": "PRIESTLEYS-GOURMET",
                "url": "https://www.priestleys-gourmet.com.au/insight/podcasts",
                "source": "Source: priestleys-gourmet.com.au (https://www.priestleys-gourmet.com.au/insight/podcasts)",
                "title": "Podcasts | Priestley&#039;s Gourmet Delights",
                "headline": "Podcasts",
                "type": "PRIZE",
                "heroCount": null,
                "totalWinners": null,
                "cadence": null,
                "prizeItems": [
                  "data",
                  "car",
                  "tv",
                  "trip"
                ],
                "prizeValueHint": null,
                "confidence": 0.6,
                "viaRedemption": false,
                "giftCard": null
              },
              {
                "brand": "COURIERMAIL",
                "url": "https://www.couriermail.com.au/news/national/back-australia/how-priestleys-gourmet-delights-thrives-with-automation-while-supporting-more-australian-jobs/news-story/9b8e562ce4d2b5c64e80fb04cd3c62b2",
                "source": "Source: couriermail.com.au (https://www.couriermail.com.au/news/national/back-australia/how-priestleys-gourmet-delights-thrives-with-automation-while-supporting-more-australian-jobs/news-story/9b8e562ce4d2b5c64e80fb04cd3c62b2)",
                "title": "No Cookies | The Courier Mail",
                "headline": "No Cookies",
                "type": "PRIZE",
                "heroCount": null,
                "totalWinners": null,
                "cadence": null,
                "prizeItems": [
                  "car",
                  "data",
                  "plan",
                  "tv"
                ],
                "prizeValueHint": null,
                "confidence": 0.6,
                "viaRedemption": false,
                "giftCard": null
              },
              {
                "brand": "Jillian's Cakery",
                "url": "https://www.easyweddings.com.au/WeddingCakes/Sydney/JilliansCakery/",
                "source": "Source: easyweddings.com.au (https://www.easyweddings.com.au/WeddingCakes/Sydney/JilliansCakery/)",
                "title": "Jillian&#39;s Cakery - Wedding Cakes Surry Hills | Easy Weddings",
                "headline": "Jillian&#39;s Cakery",
                "type": "PRIZE",
                "heroCount": null,
                "totalWinners": null,
                "cadence": null,
                "prizeItems": [
                  "data",
                  "tv",
                  "car",
                  "plan",
                  "cash"
                ],
                "prizeValueHint": null,
                "confidence": 0.6,
                "viaRedemption": false,
                "giftCard": null
              },
              {
                "brand": "Jillian's Cakery",
                "url": "https://www.sydneycakery.com.au/product/jillians-cakery-online-gift-card-redeemable-online-only/",
                "source": "Source: sydneycakery.com.au (https://www.sydneycakery.com.au/product/jillians-cakery-online-gift-card-redeemable-online-only/)",
                "title": "Jillian&#039;s Cakery Online Gift Card (redeemable online only) &#183; Sydney Cakery",
                "headline": "Jillian&#8217;s Cakery Online Gift Card (redeemable online only)",
                "type": "PRIZE",
                "heroCount": null,
                "totalWinners": null,
                "cadence": null,
                "prizeItems": [
                  "gift card",
                  "car",
                  "data",
                  "tv",
                  "trip",
                  "plan",
                  "cash",
                  "giftcard"
                ],
                "prizeValueHint": "$10",
                "confidence": 0.6,
                "viaRedemption": false,
                "giftCard": null
              },
              {
                "brand": "THATGIRLFROMSYDNEY",
                "url": "https://thatgirlfromsydney.com/2020/02/27/who-is-jillian-and-what-does-she-do/",
                "source": "Source: thatgirlfromsydney.com (https://thatgirlfromsydney.com/2020/02/27/who-is-jillian-and-what-does-she-do/)",
                "title": "Who Is Jillian And What Does She Do? &#8211; That Girl from Sydney",
                "headline": "Who Is Jillian And What Does She&nbsp;Do?",
                "type": "PRIZE",
                "heroCount": null,
                "totalWinners": null,
                "cadence": null,
                "prizeItems": [
                  "car",
                  "data",
                  "plan",
                  "tv"
                ],
                "prizeValueHint": null,
                "confidence": 0.6,
                "viaRedemption": false,
                "giftCard": null
              },
              {
                "brand": "Jillian's Cakery",
                "url": "https://www.theurbanlist.com/sydney/directory/jillian-s-cakery",
                "source": "Source: theurbanlist.com (https://www.theurbanlist.com/sydney/directory/jillian-s-cakery)",
                "title": "Jillian's Cakery | URBAN LIST SYDNEY",
                "headline": "Jillian‚Äôs Cakery",
                "type": "PRIZE",
                "heroCount": null,
                "totalWinners": null,
                "cadence": null,
                "prizeItems": [
                  "tv",
                  "data",
                  "car"
                ],
                "prizeValueHint": null,
                "confidence": 0.6,
                "viaRedemption": false,
                "giftCard": null
              },
              {
                "brand": "YOUTUBE",
                "url": "https://www.youtube.com/c/jillianbutler",
                "source": "Source: youtube.com (https://www.youtube.com/c/jillianbutler)",
                "title": "Jillian Butler - YouTube",
                "headline": "I started a successful cake shop in Sydney called Jillian's Cakery that I ran for 7 years and there were lots of lessons that I learned along the way. Now ...",
                "type": "PRIZE",
                "heroCount": null,
                "totalWinners": null,
                "cadence": null,
                "prizeItems": [
                  "data",
                  "tv",
                  "car"
                ],
                "prizeValueHint": null,
                "confidence": 0.6,
                "viaRedemption": false,
                "giftCard": null
              },
              {
                "brand": "Belle Fleur",
                "url": "https://bellefleur.com.au/",
                "source": "Source: bellefleur.com.au (https://bellefleur.com.au/)",
                "title": "Homepage | Belle Fleur Fine Chocolates | Chocolate Sydney",
                "headline": "Handmade chocolates that taste sensational. Choose from over 45 traditional and contemporary flavours in-store.Jump to",
                "type": "PRIZE",
                "heroCount": null,
                "totalWinners": null,
                "cadence": null,
                "prizeItems": [
                  "car",
                  "data",
                  "tv",
                  "trip",
                  "gift card"
                ],
                "prizeValueHint": null,
                "confidence": 0.6,
                "viaRedemption": false,
                "giftCard": null
              },
              {
                "brand": "ADAIRS",
                "url": "https://www.adairs.com.au/terms-conditions/competitions/?srsltid=AfmBOoqdmhyAkjp-0mo6YgOOktDktJHmHAKnYF3zeB9uw5Neg7BZ2F6C",
                "source": "Source: adairs.com.au (https://www.adairs.com.au/terms-conditions/competitions/?srsltid=AfmBOoqdmhyAkjp-0mo6YgOOktDktJHmHAKnYF3zeB9uw5Neg7BZ2F6C)",
                "title": "Past Competitions | Adairs",
                "headline": "The 'Draw 3' winner is Edith Pullen. The 'Draw 4' winner is Vibeke Foss. The 'Adairs Kids Fur Cushions & Throw Competition' commenced at 12:00am AEST on the 14 ...Jump to",
                "type": "PRIZE",
                "heroCount": 3,
                "totalWinners": null,
                "cadence": null,
                "prizeItems": [
                  "data",
                  "car",
                  "trip",
                  "plan",
                  "washer",
                  "gift card",
                  "tv",
                  "voucher",
                  "cash"
                ],
                "prizeValueHint": "$30",
                "confidence": 0.6,
                "viaRedemption": false,
                "giftCard": null
              },
              {
                "brand": "RMHHOMELOTTERY",
                "url": "https://www.rmhhomelottery.com.au/on/demandware.static/Sites-RML_MEL-Site/Sites-RML_MEL-Library/-/pdfs/rmh-mel-2025-1-winners-FA-2.pdf",
                "source": "Source: rmhhomelottery.com.au (https://www.rmhhomelottery.com.au/on/demandware.static/Sites-RML_MEL-Site/Sites-RML_MEL-Library/-/pdfs/rmh-mel-2025-1-winners-FA-2.pdf)",
                "title": "Congratulations",
                "headline": "Congratulations to our Early Bird winner! Jeffrey from Bulleen (#008153) has won the half a million Early Bird Prize! EARLY BIRD PRIZE.Jump to",
                "type": "PRIZE",
                "heroCount": null,
                "totalWinners": null,
                "cadence": null,
                "prizeItems": [
                  "data",
                  "tv",
                  "cash",
                  "holiday",
                  "car",
                  "plan"
                ],
                "prizeValueHint": "$39",
                "confidence": 0.6,
                "viaRedemption": false,
                "giftCard": null
              },
              {
                "brand": "ROCKYSHOW",
                "url": "https://www.rockyshow.com.au/Competitions/Animals-Competitions/Horse-Competition-Program",
                "source": "Source: rockyshow.com.au (https://www.rockyshow.com.au/Competitions/Animals-Competitions/Horse-Competition-Program)",
                "title": "Horse Competition Program Rockhampton Show",
                "headline": "Horse Competition Program",
                "type": "PRIZE",
                "heroCount": null,
                "totalWinners": null,
                "cadence": null,
                "prizeItems": [
                  "car",
                  "tv",
                  "data",
                  "plan"
                ],
                "prizeValueHint": null,
                "confidence": 0.6,
                "viaRedemption": false,
                "giftCard": null
              },
              {
                "brand": "BELLEFLEUR",
                "url": "https://bellefleur.com.au/occasions/",
                "source": "Source: bellefleur.com.au (https://bellefleur.com.au/occasions/)",
                "title": "Special Occasions &amp; Events | Belle Fleur Fine Chocolates",
                "headline": "Occasions",
                "type": "PRIZE",
                "heroCount": null,
                "totalWinners": null,
                "cadence": null,
                "prizeItems": [
                  "car",
                  "data",
                  "tv",
                  "trip",
                  "gift card"
                ],
                "prizeValueHint": null,
                "confidence": 0.6,
                "viaRedemption": false,
                "giftCard": null
              },
              {
                "brand": "MARKETINGBEE",
                "url": "https://marketingbee.com.au/sharon-latour-returns-as-a-judge-for-the-2025-australian-web-awards/",
                "source": "Source: marketingbee.com.au (https://marketingbee.com.au/sharon-latour-returns-as-a-judge-for-the-2025-australian-web-awards/)",
                "title": "Sharon Latour Returns as a Judge for the 2025 Australian Web Awards - Marketing Bee",
                "headline": "Sharon Latour Returns as a Judge for the 2025 Australian Web Awards",
                "type": "PRIZE",
                "heroCount": null,
                "totalWinners": null,
                "cadence": null,
                "prizeItems": [
                  "car",
                  "data",
                  "tv"
                ],
                "prizeValueHint": null,
                "confidence": 0.6,
                "viaRedemption": false,
                "giftCard": null
              },
              {
                "brand": "Beak & Johnston",
                "url": "https://www.beakandjohnston.com.au/",
                "source": "Source: beakandjohnston.com.au (https://www.beakandjohnston.com.au/)",
                "title": "Home - Quality Food Manufacturer | Beak &amp; Johnston",
                "headline": "Beak & Johnston is a proudly Australian, privately owned fresh food business with over 39 years of experience delivering innovative, value-added meal solutions.",
                "type": "PRIZE",
                "heroCount": null,
                "totalWinners": null,
                "cadence": null,
                "prizeItems": [
                  "car",
                  "data",
                  "plan"
                ],
                "prizeValueHint": null,
                "confidence": 0.6,
                "viaRedemption": false,
                "giftCard": null
              },
              {
                "brand": "BEAKANDJOHNSTON",
                "url": "https://www.beakandjohnston.com.au/about-us/",
                "source": "Source: beakandjohnston.com.au (https://www.beakandjohnston.com.au/about-us/)",
                "title": "About Us - Quality Food Manufacturer | Beak &amp; Johnston",
                "headline": "Beak & Johnston was founded in 1986 by David Beak, bringing together four generations of global meat industry knowledge.",
                "type": "PRIZE",
                "heroCount": null,
                "totalWinners": null,
                "cadence": null,
                "prizeItems": [
                  "car",
                  "data",
                  "plan"
                ],
                "prizeValueHint": "$15",
                "confidence": 0.6,
                "viaRedemption": false,
                "giftCard": null
              },
              {
                "brand": "BAKINGBUSINESS",
                "url": "https://bakingbusiness.com.au/wp-content/uploads/2019/10/2019-fine-food-catalogue-web.pdf",
                "source": "Source: bakingbusiness.com.au (https://bakingbusiness.com.au/wp-content/uploads/2019/10/2019-fine-food-catalogue-web.pdf)",
                "title": "Sydney Royal Fine Food Show - Baking Business",
                "headline": "It draws from Sydney Royal Champions throughout the year, examines, and celebrates truly inspirational, innovative agricultural food and beverage achievers.",
                "type": "PRIZE",
                "heroCount": null,
                "totalWinners": null,
                "cadence": null,
                "prizeItems": [
                  "data",
                  "tv",
                  "car"
                ],
                "prizeValueHint": "$224",
                "confidence": 0.6,
                "viaRedemption": false,
                "giftCard": null
              },
              {
                "brand": "ISSUU",
                "url": "https://issuu.com/theintermediagroup/docs/c_i_retailing_magazine_august-september_2025",
                "source": "Source: issuu.com (https://issuu.com/theintermediagroup/docs/c_i_retailing_magazine_august-september_2025)",
                "title": "C&amp;amp;I Retailing Magazine August-September 2025 by The Intermedia Group - Issuu",
                "headline": "C&amp;I Retailing Magazine August-September 2025",
                "type": "PRIZE",
                "heroCount": null,
                "totalWinners": null,
                "cadence": null,
                "prizeItems": [
                  "car",
                  "data",
                  "tv",
                  "plans",
                  "plan"
                ],
                "prizeValueHint": "$29",
                "confidence": 0.6,
                "viaRedemption": false,
                "giftCard": null
              },
              {
                "brand": "Beak & Johnston",
                "url": "https://www.accc.gov.au/media-release/woolworths%E2%80%99-proposed-acquisition-of-beak-johnston-not-opposed",
                "source": "Source: accc.gov.au (https://www.accc.gov.au/media-release/woolworths%E2%80%99-proposed-acquisition-of-beak-johnston-not-opposed)",
                "title": "Woolworths‚Äô proposed acquisition of Beak &amp; Johnston not opposed | ACCC",
                "headline": "The ACCC will not oppose Woolworths Group Limited's (ASX:WOW) proposed acquisition of Beak & Johnston Holdings Pty Ltd (B&J).",
                "type": "PRIZE",
                "heroCount": null,
                "totalWinners": null,
                "cadence": null,
                "prizeItems": [
                  "data",
                  "car"
                ],
                "prizeValueHint": null,
                "confidence": 0.6,
                "viaRedemption": false,
                "giftCard": null
              },
              {
                "brand": "Beak & Johnston",
                "url": "https://www.just-food.com/news/woolworths-beak-johnston-deal-approved/",
                "source": "Source: just-food.com (https://www.just-food.com/news/woolworths-beak-johnston-deal-approved/)",
                "title": "ACCC waves through Woolworths‚Äô Beak &amp; Johnston deal",
                "headline": "Australia regulator waves through Woolworths‚Äô Beak &#038; Johnston deal",
                "type": "PRIZE",
                "heroCount": null,
                "totalWinners": null,
                "cadence": null,
                "prizeItems": [
                  "data",
                  "car",
                  "plan",
                  "tv"
                ],
                "prizeValueHint": null,
                "confidence": 0.6,
                "viaRedemption": false,
                "giftCard": null
              },
              {
                "brand": "Beak & Johnston",
                "url": "https://morganenglishlawyers.com.au/morgan-english-advises-beak-johnston-group-on-strategic-sale-to-woolworths/",
                "source": "Source: morganenglishlawyers.com.au (https://morganenglishlawyers.com.au/morgan-english-advises-beak-johnston-group-on-strategic-sale-to-woolworths/)",
                "title": "Morgan + English Advises Beak &amp; Johnston Group on Strategic Sale to Woolworths | Morgan English Lawyers",
                "headline": "Morgan + English Advises Beak &#038; Johnston Group on Strategic Sale to Woolworths",
                "type": "PRIZE",
                "heroCount": null,
                "totalWinners": null,
                "cadence": null,
                "prizeItems": [
                  "data",
                  "car",
                  "cash",
                  "trip",
                  "plan",
                  "tv"
                ],
                "prizeValueHint": null,
                "confidence": 0.6,
                "viaRedemption": false,
                "giftCard": null
              },
              {
                "brand": "Beak & Johnston",
                "url": "https://www.comcom.govt.nz/news-and-media/news-and-events/2025/woolworths-seeks-clearance-to-acquire-beak-and-johnston/",
                "source": "Source: comcom.govt.nz (https://www.comcom.govt.nz/news-and-media/news-and-events/2025/woolworths-seeks-clearance-to-acquire-beak-and-johnston/)",
                "title": "Woolworths seeks clearance to acquire Beak &amp; Johnston | Commerce Commission",
                "headline": "We will give clearance to a proposed merger if we are satisfied that the merger is unlikely to have the effect of substantially lessening ...",
                "type": "PRIZE",
                "heroCount": null,
                "totalWinners": null,
                "cadence": null,
                "prizeItems": [
                  "trip",
                  "car",
                  "data",
                  "plan"
                ],
                "prizeValueHint": null,
                "confidence": 0.6,
                "viaRedemption": false,
                "giftCard": null
              },
              {
                "brand": "Beak & Johnston",
                "url": "https://insideretail.com.au/news/woolworths-seeks-clearance-to-buy-beak-johnston-202501",
                "source": "Source: insideretail.com.au (https://insideretail.com.au/news/woolworths-seeks-clearance-to-buy-beak-johnston-202501)",
                "title": "Woolworths seeks clearance to buy Beak &amp; Johnston - Inside Retail Australia",
                "headline": "Woolworths seeks clearance to buy Beak &amp; Johnston",
                "type": "PRIZE",
                "heroCount": null,
                "totalWinners": null,
                "cadence": null,
                "prizeItems": [
                  "data",
                  "car",
                  "trip"
                ],
                "prizeValueHint": "$110",
                "confidence": 0.6,
                "viaRedemption": false,
                "giftCard": null
              },
              {
                "brand": "Carman's",
                "url": "https://carmanskitchen.com.au/carmans-quarterly-care-package-giveaway-2025/",
                "source": "Source: carmanskitchen.com.au (https://carmanskitchen.com.au/carmans-quarterly-care-package-giveaway-2025/)",
                "title": "Carman‚Äôs Quarterly Care Package Giveaway Terms &amp; Conditions 2025 | Carman's Kitchen",
                "headline": "Carman‚Äôs Quarterly Care Package Giveaway Terms &#038; Conditions 2025",
                "type": "PRIZE",
                "heroCount": null,
                "totalWinners": null,
                "cadence": null,
                "prizeItems": [
                  "data",
                  "car",
                  "plan",
                  "cash",
                  "tv"
                ],
                "prizeValueHint": "$100",
                "confidence": 0.6,
                "viaRedemption": false,
                "giftCard": null
              },
              {
                "brand": "Carman's",
                "url": "https://carmanskitchen.com.au/fun-run-giveaway-terms-conditions/",
                "source": "Source: carmanskitchen.com.au (https://carmanskitchen.com.au/fun-run-giveaway-terms-conditions/)",
                "title": "Carman‚Äôs Fun Run Giveaway Terms &amp; Conditions | Carman's Kitchen",
                "headline": "Carman&#8217;s Fun Run Giveaway Terms &#038; Conditions",
                "type": "PRIZE",
                "heroCount": 1,
                "totalWinners": null,
                "cadence": "instant",
                "prizeItems": [
                  "data",
                  "car",
                  "plan",
                  "voucher",
                  "cash",
                  "tv"
                ],
                "prizeValueHint": "$200",
                "confidence": 0.6,
                "viaRedemption": false,
                "giftCard": null
              },
              {
                "brand": "CARMANSKITCHEN",
                "url": "https://carmanskitchen.com.au/porridge-competition-terms-conditions/",
                "source": "Source: carmanskitchen.com.au (https://carmanskitchen.com.au/porridge-competition-terms-conditions/)",
                "title": "Porridge Competition Terms &amp; Conditions | Carman's Kitchen",
                "headline": "Porridge Competition Terms &#038; Conditions",
                "type": "PRIZE",
                "heroCount": null,
                "totalWinners": null,
                "cadence": null,
                "prizeItems": [
                  "data",
                  "car",
                  "plan",
                  "cash",
                  "tv"
                ],
                "prizeValueHint": "$250",
                "confidence": 0.6,
                "viaRedemption": false,
                "giftCard": null
              },
              {
                "brand": "CARMANSKITCHEN",
                "url": "https://carmanskitchen.com.au/win-a-trip-to-byron-terms-and-conditions/",
                "source": "Source: carmanskitchen.com.au (https://carmanskitchen.com.au/win-a-trip-to-byron-terms-and-conditions/)",
                "title": "Win a Trip to Byron Terms and Conditions | Carman's Kitchen",
                "headline": "Win a Trip to Byron Terms and Conditions",
                "type": "PRIZE",
                "heroCount": null,
                "totalWinners": null,
                "cadence": "instant",
                "prizeItems": [
                  "data",
                  "car",
                  "trip",
                  "plan",
                  "holiday",
                  "voucher",
                  "cash",
                  "tv"
                ],
                "prizeValueHint": "$11,805",
                "confidence": 0.6,
                "viaRedemption": false,
                "giftCard": null
              },
              {
                "brand": "Carman's",
                "url": "https://solemotive.com/pages/carmans-fun-run-syd-10k?srsltid=AfmBOooHB3xkXtaoGZ9mG-_L0--9mW5jbbRWm1pnggI7e99sIs6BVcnZ",
                "source": "Source: solemotive.com (https://solemotive.com/pages/carmans-fun-run-syd-10k?srsltid=AfmBOooHB3xkXtaoGZ9mG-_L0--9mW5jbbRWm1pnggI7e99sIs6BVcnZ)",
                "title": "Carman&#39;s Fun Run Sydney 2025 - 10K | Sole Motive",
                "headline": "The Carman's Fun Run Sydney 2025 is on 21 September at Metcalfe Park, Pyrmont, with a 9:00am start. The course is a flat 2 lap with Sydney views.",
                "type": "PRIZE",
                "heroCount": null,
                "totalWinners": null,
                "cadence": null,
                "prizeItems": [
                  "data",
                  "car",
                  "trip",
                  "tv",
                  "cash"
                ],
                "prizeValueHint": "$80",
                "confidence": 0.6,
                "viaRedemption": false,
                "giftCard": null
              },
              {
                "brand": "Carman's",
                "url": "https://solemotive.com/pages/carmans-fun-run-syd-home?srsltid=AfmBOorQvL6V5sSGXodJyYnpq2M5S1edAD0ntuyCApEKW69H8iURTuCJ",
                "source": "Source: solemotive.com (https://solemotive.com/pages/carmans-fun-run-syd-home?srsltid=AfmBOorQvL6V5sSGXodJyYnpq2M5S1edAD0ntuyCApEKW69H8iURTuCJ)",
                "title": "Carman&#39;s Fun Run Sydney 2025 | Sole Motive",
                "headline": "BCNA MERCHANDISE STAND &amp; MINI-FIELD OF WOMEN",
                "type": "PRIZE",
                "heroCount": null,
                "totalWinners": null,
                "cadence": null,
                "prizeItems": [
                  "data",
                  "car",
                  "trip",
                  "tv",
                  "cash",
                  "plan"
                ],
                "prizeValueHint": "$60",
                "confidence": 0.6,
                "viaRedemption": false,
                "giftCard": null
              },
              {
                "brand": "Carman's",
                "url": "https://solemotive.com/pages/carmans-fun-run-mel-home?srsltid=AfmBOorSgV-UdaNVOUP8CKAqEEIrYHFLflLVAtbLwxYAcUtICnE2zL_9",
                "source": "Source: solemotive.com (https://solemotive.com/pages/carmans-fun-run-mel-home?srsltid=AfmBOorSgV-UdaNVOUP8CKAqEEIrYHFLflLVAtbLwxYAcUtICnE2zL_9)",
                "title": "Carman&#39;s Fun Run Melbourne 2026 | Sole Motive",
                "headline": "BCNA MERCHANDISE STAND",
                "type": "PRIZE",
                "heroCount": null,
                "totalWinners": null,
                "cadence": null,
                "prizeItems": [
                  "data",
                  "car",
                  "trip",
                  "tv",
                  "cash",
                  "plan"
                ],
                "prizeValueHint": "$60",
                "confidence": 0.6,
                "viaRedemption": false,
                "giftCard": null
              },
              {
                "brand": "Carman's",
                "url": "https://www.bcna.org.au/event-directory/major-events/carman-s-fun-run-2025-sydney/",
                "source": "Source: bcna.org.au (https://www.bcna.org.au/event-directory/major-events/carman-s-fun-run-2025-sydney/)",
                "title": "Carman&#x2019;s Fun Run 2025 - Sydney",
                "headline": "Run, jog or walk 21.1K, 10K, or 5K and make your run count by raising funds to help Australians affected by breast cancer. Secure your spot now and help us turn ...",
                "type": "PRIZE",
                "heroCount": null,
                "totalWinners": null,
                "cadence": null,
                "prizeItems": [
                  "data",
                  "car",
                  "tv"
                ],
                "prizeValueHint": "$30",
                "confidence": 0.6,
                "viaRedemption": false,
                "giftCard": null
              },
              {
                "brand": "Carman's",
                "url": "https://www.bcna.org.au/event-directory/major-events/carman-s-fun-run-2025-melbourne/",
                "source": "Source: bcna.org.au (https://www.bcna.org.au/event-directory/major-events/carman-s-fun-run-2025-melbourne/)",
                "title": "Carman&#x2019;s Fun Run 2025 - Melbourne",
                "headline": "Carman's Fun Run 2025 is on Feb 16 at Elsternwick Park, Brighton, with half-marathon, 10km, 5km run and 5km walk options. It starts at 5:45 am and ends at 1:00 ...",
                "type": "PRIZE",
                "heroCount": null,
                "totalWinners": null,
                "cadence": null,
                "prizeItems": [
                  "data",
                  "car",
                  "tv"
                ],
                "prizeValueHint": "$30",
                "confidence": 0.6,
                "viaRedemption": false,
                "giftCard": null
              },
              {
                "brand": "PAULSPROMO",
                "url": "https://www.paulspromo.com.au/",
                "source": "Source: paulspromo.com.au (https://www.paulspromo.com.au/)",
                "title": "Paul&#039;s Kids Yoghurt Minions Promotion",
                "headline": "Open to AU res 18+. Starts: 17/3/25:12AM AEDT. Ends: 30/5/25:11.59PM AEST. Max 1 entry per transaction. Retain receipts. Draw: 51A/23 Norton St, Leichhardt, NSW ...",
                "type": "PRIZE",
                "heroCount": null,
                "totalWinners": null,
                "cadence": null,
                "prizeItems": [
                  "data",
                  "tv",
                  "trip"
                ],
                "prizeValueHint": "$17,225",
                "confidence": 0.6,
                "viaRedemption": false,
                "giftCard": null
              },
              {
                "brand": "REDDYEXPRESS",
                "url": "https://www.reddyexpress.com.au/terms-and-conditions/peel-N-win",
                "source": "Source: reddyexpress.com.au (https://www.reddyexpress.com.au/terms-and-conditions/peel-N-win)",
                "title": "Reddy, Set, Peel &amp; Win - T&amp;Cs | Reddy Express",
                "headline": "All prize claims and entries into the unclaimed prize draw must be made by Entrants by no later than 11.59pm (Sydney time) on 30 September 2025. 5.",
                "type": "PRIZE",
                "heroCount": null,
                "totalWinners": null,
                "cadence": "instant",
                "prizeItems": [
                  "data",
                  "car",
                  "gift card",
                  "plans",
                  "holiday",
                  "voucher",
                  "cash",
                  "trip",
                  "giftcard",
                  "plan"
                ],
                "prizeValueHint": "$10",
                "confidence": 0.6,
                "viaRedemption": false,
                "giftCard": null
              },
              {
                "brand": "PAULS",
                "url": "https://www.pauls.com.au/",
                "source": "Source: pauls.com.au (https://www.pauls.com.au/)",
                "title": "Pauls Dairy",
                "headline": "We're pretty passionate about making great tasting products packed with real dairy goodness. We put that devotion into every Pauls milk, cream, custard, yoghurt ...",
                "type": "PRIZE",
                "heroCount": null,
                "totalWinners": null,
                "cadence": null,
                "prizeItems": [
                  "data",
                  "car",
                  "tv"
                ],
                "prizeValueHint": null,
                "confidence": 0.6,
                "viaRedemption": false,
                "giftCard": null
              },
              {
                "brand": "SCHOOLFUNDRAISING",
                "url": "https://www.schoolfundraising.com.au/",
                "source": "Source: schoolfundraising.com.au (https://www.schoolfundraising.com.au/)",
                "title": "School Fundraising | Empowering Schools Through Colour Runs",
                "headline": "We're Australia's ultimate school fundraising partner ... When parents use it to create a profile, they go into the draw to win a $500 prize credit.",
                "type": "PRIZE",
                "heroCount": 500,
                "totalWinners": null,
                "cadence": null,
                "prizeItems": [
                  "car",
                  "data",
                  "tv",
                  "trip",
                  "plan",
                  "cash"
                ],
                "prizeValueHint": "$500",
                "confidence": 0.6,
                "viaRedemption": false,
                "giftCard": null
              },
              {
                "brand": "Chobani",
                "url": "https://www.chobani.com.au/chobani-fit-competition-terms-and-conditions/",
                "source": "Source: chobani.com.au (https://www.chobani.com.au/chobani-fit-competition-terms-and-conditions/)",
                "title": "Chobani Fit Competition - Terms and Conditions - Chobani Australia",
                "headline": "Chobani Fit Competition &#8211; Terms and Conditions",
                "type": "PRIZE",
                "heroCount": null,
                "totalWinners": null,
                "cadence": null,
                "prizeItems": [
                  "car",
                  "data",
                  "cash"
                ],
                "prizeValueHint": "$399",
                "confidence": 0.6,
                "viaRedemption": false,
                "giftCard": null
              },
              {
                "brand": "Chobani",
                "url": "https://www.ozbargain.com.au/node/926882",
                "source": "Source: ozbargain.com.au (https://www.ozbargain.com.au/node/926882)",
                "title": "Win a KitchenAid Pure Power Blender + Chobani No Sugar Added Prize Pack from KitchenAid - OzBargain Competitions",
                "headline": "Win a KitchenAid Pure Power Blender + Chobani No Sugar Added Prize Pack from KitchenAid",
                "type": "PRIZE",
                "heroCount": null,
                "totalWinners": null,
                "cadence": null,
                "prizeItems": [
                  "car",
                  "tv",
                  "data",
                  "voucher",
                  "gift card",
                  "cash"
                ],
                "prizeValueHint": "$274",
                "confidence": 0.6,
                "viaRedemption": false,
                "giftCard": null
              },
              {
                "brand": "Chobani",
                "url": "https://www.ozbargain.com.au/competition/chobani.com.au",
                "source": "Source: ozbargain.com.au (https://www.ozbargain.com.au/competition/chobani.com.au)",
                "title": "Chobani: Competitions - OzBargain Competitions",
                "headline": "Chobani &raquo; Competitions",
                "type": "PRIZE",
                "heroCount": null,
                "totalWinners": null,
                "cadence": null,
                "prizeItems": [
                  "car",
                  "data",
                  "voucher",
                  "gift card",
                  "cash"
                ],
                "prizeValueHint": "$100",
                "confidence": 0.6,
                "viaRedemption": false,
                "giftCard": null
              },
              {
                "brand": "CHOBANI",
                "url": "https://www.chobani.com.au/competition-tscs/",
                "source": "Source: chobani.com.au (https://www.chobani.com.au/competition-tscs/)",
                "title": "Competition - Terms and Conditions 2024 - Chobani Australia",
                "headline": "Chobani Australia Terms and Conditions. View Chobani x Remedy Terms and Conditions ¬∑ View Chobani x Ninja Kitchen Terms and Conditions ...",
                "type": "PRIZE",
                "heroCount": null,
                "totalWinners": null,
                "cadence": null,
                "prizeItems": [
                  "car",
                  "data"
                ],
                "prizeValueHint": null,
                "confidence": 0.6,
                "viaRedemption": false,
                "giftCard": null
              },
              {
                "brand": "Chobani",
                "url": "https://www.chobani.com.au/",
                "source": "Source: chobani.com.au (https://www.chobani.com.au/)",
                "title": "Chobani Australia",
                "headline": "Real yogurt. Real simple.",
                "type": "PRIZE",
                "heroCount": null,
                "totalWinners": null,
                "cadence": null,
                "prizeItems": [
                  "car",
                  "data",
                  "plan"
                ],
                "prizeValueHint": null,
                "confidence": 0.6,
                "viaRedemption": false,
                "giftCard": null
              },
              {
                "brand": "Sara Lee",
                "url": "https://winwithsaralee.com.au/conditions.html",
                "source": "Source: winwithsaralee.com.au (https://winwithsaralee.com.au/conditions.html)",
                "title": "Sara Lee Waffles 30k Giveaway Instant Win Promotion",
                "headline": "There are 150 prizes to be given away in this Promotion: 12 x AUD$1,000.00 Cash Prize, 13 x AUD$500.00 Mastercard eVouchers and 15 x AUD$250.00 Mastercard ...",
                "type": "PRIZE",
                "heroCount": 150,
                "totalWinners": null,
                "cadence": "instant",
                "prizeItems": [
                  "data",
                  "cash",
                  "car",
                  "voucher"
                ],
                "prizeValueHint": "$500",
                "confidence": 0.6,
                "viaRedemption": false,
                "giftCard": null
              },
              {
                "brand": "Sara Lee",
                "url": "https://saralee.com.au/enter-for-your-chance-to-win-our-grocery-giveaway/",
                "source": "Source: saralee.com.au (https://saralee.com.au/enter-for-your-chance-to-win-our-grocery-giveaway/)",
                "title": "Enter for your chance to WIN our Grocery Giveaway! &#8211; Sara Lee",
                "headline": "Enter for your chance to WIN our Grocery Giveaway!",
                "type": "PRIZE",
                "heroCount": null,
                "totalWinners": null,
                "cadence": null,
                "prizeItems": [
                  "voucher",
                  "data",
                  "car",
                  "tv"
                ],
                "prizeValueHint": "$200",
                "confidence": 0.6,
                "viaRedemption": false,
                "giftCard": null
              },
              {
                "brand": "Sara Lee",
                "url": "https://saraleefoodservice.com.au/news-promotions/",
                "source": "Source: saraleefoodservice.com.au (https://saraleefoodservice.com.au/news-promotions/)",
                "title": "News &amp; Promotions | Sara Lee Foodservice Australia",
                "headline": "News &#038; Promotions",
                "type": "PRIZE",
                "heroCount": null,
                "totalWinners": null,
                "cadence": null,
                "prizeItems": [
                  "data",
                  "car",
                  "tv"
                ],
                "prizeValueHint": null,
                "confidence": 0.6,
                "viaRedemption": false,
                "giftCard": null
              },
              {
                "brand": "Sara Lee",
                "url": "https://saralee.com.au/grocery-giveaway-tcs-australia/",
                "source": "Source: saralee.com.au (https://saralee.com.au/grocery-giveaway-tcs-australia/)",
                "title": "Grocery Giveaway T&#038;Cs Australia &#8211; Sara Lee",
                "headline": "Grocery Giveaway T&#038;Cs Australia",
                "type": "PRIZE",
                "heroCount": null,
                "totalWinners": null,
                "cadence": null,
                "prizeItems": [
                  "data",
                  "car",
                  "tv",
                  "gift card",
                  "cash",
                  "plan"
                ],
                "prizeValueHint": "$200",
                "confidence": 0.6,
                "viaRedemption": false,
                "giftCard": null
              },
              {
                "brand": "Sara Lee",
                "url": "https://winwithsaralee.com.au/images/Sara%20Lee%20Instant%20Win%20T&C's.pdf",
                "source": "Source: winwithsaralee.com.au (https://winwithsaralee.com.au/images/Sara%20Lee%20Instant%20Win%20T&C's.pdf)",
                "title": "Sara Lee Waffles 30k Giveaway Instant Win Promotion",
                "headline": "Winners will have their initials and state announced on the Sara Lee Promotional website at www.winwithsaralee.com by 30th October, 2024. 14. If ...",
                "type": "PRIZE",
                "heroCount": null,
                "totalWinners": null,
                "cadence": null,
                "prizeItems": [
                  "tv"
                ],
                "prizeValueHint": "$222",
                "confidence": 0.6,
                "viaRedemption": false,
                "giftCard": null
              },
              {
                "brand": "Sara Lee",
                "url": "http://winwithsaralee.com.au/",
                "source": "Source: winwithsaralee.com.au (http://winwithsaralee.com.au/)",
                "title": "Sara Lee Waffles 30k Giveaway Instant Win Promotion",
                "headline": "The promotion commences on the 15/9/2024 at 0900 (AEST) and closes 27/10/2024 at 1700 (AEST). For full T&C's go to www.winwithsaralee.",
                "type": "PRIZE",
                "heroCount": null,
                "totalWinners": null,
                "cadence": "instant",
                "prizeItems": [
                  "data",
                  "car",
                  "voucher",
                  "tv"
                ],
                "prizeValueHint": null,
                "confidence": 0.6,
                "viaRedemption": false,
                "giftCard": null
              },
              {
                "brand": "Sara Lee",
                "url": "https://saralee.com.au/enter-for-your-chance-to-win-a-pair-of-sara-lee-socks-for-dad-terms-and-conditions-2/",
                "source": "Source: saralee.com.au (https://saralee.com.au/enter-for-your-chance-to-win-a-pair-of-sara-lee-socks-for-dad-terms-and-conditions-2/)",
                "title": "Enter for your chance to WIN a pair of Sara Lee socks for Dad! Terms and Conditions &#8211; Sara Lee",
                "headline": "Enter for your chance to WIN a pair of Sara Lee socks for Dad! Terms and Conditions",
                "type": "PRIZE",
                "heroCount": 25,
                "totalWinners": 25,
                "cadence": null,
                "prizeItems": [
                  "data",
                  "car",
                  "tv",
                  "cash",
                  "plan"
                ],
                "prizeValueHint": "$30",
                "confidence": 0.6,
                "viaRedemption": false,
                "giftCard": null
              },
              {
                "brand": "Sara Lee",
                "url": "https://saralee.com.au/enter-for-your-chance-to-win-a-kitchenaid-mixer/",
                "source": "Source: saralee.com.au (https://saralee.com.au/enter-for-your-chance-to-win-a-kitchenaid-mixer/)",
                "title": "Enter for your chance to WIN a KitchenAid Mixer! &#8211; Sara Lee",
                "headline": "Enter for your chance to WIN a KitchenAid Mixer!",
                "type": "PRIZE",
                "heroCount": null,
                "totalWinners": null,
                "cadence": null,
                "prizeItems": [
                  "data",
                  "car",
                  "tv",
                  "plan",
                  "trip"
                ],
                "prizeValueHint": null,
                "confidence": 0.6,
                "viaRedemption": false,
                "giftCard": null
              },
              {
                "brand": "TUFFSTREETERS",
                "url": "https://tuffstreeters.com.au/",
                "source": "Source: tuffstreeters.com.au (https://tuffstreeters.com.au/)",
                "title": "Home - Tuff Streeters",
                "headline": "We Are Tuff Streeters",
                "type": "PRIZE",
                "heroCount": null,
                "totalWinners": null,
                "cadence": "weekly",
                "prizeItems": [
                  "car",
                  "data",
                  "cash",
                  "trip"
                ],
                "prizeValueHint": "$100",
                "confidence": 0.6,
                "viaRedemption": false,
                "giftCard": null
              },
              {
                "brand": "LINKT",
                "url": "https://www.linkt.com.au/campaigns/driveaway/sydney",
                "source": "Source: linkt.com.au (https://www.linkt.com.au/campaigns/driveaway/sydney)",
                "title": "Pardon Our Interruption",
                "headline": "Pardon Our Interruption",
                "type": "PRIZE",
                "heroCount": null,
                "totalWinners": null,
                "cadence": null,
                "prizeItems": [],
                "prizeValueHint": null,
                "confidence": 0.6,
                "viaRedemption": false,
                "giftCard": null
              },
              {
                "brand": "YOURTOWN",
                "url": "https://www.yourtown.com.au/",
                "source": "Source: yourtown.com.au (https://www.yourtown.com.au/)",
                "title": "yourtown | Art Union & Community Services | Prize Homes",
                "headline": "Every young person deserves a chance to thrive",
                "type": "PRIZE",
                "heroCount": null,
                "totalWinners": null,
                "cadence": null,
                "prizeItems": [
                  "car",
                  "data",
                  "tv"
                ],
                "prizeValueHint": null,
                "confidence": 0.6,
                "viaRedemption": false,
                "giftCard": null
              },
              {
                "brand": "RAFFLETIX",
                "url": "https://www.raffletix.com.au/raffles",
                "source": "Source: raffletix.com.au (https://www.raffletix.com.au/raffles)",
                "title": "Live raffles",
                "headline": "Live raffles",
                "type": "PRIZE",
                "heroCount": null,
                "totalWinners": null,
                "cadence": null,
                "prizeItems": [
                  "tv",
                  "data",
                  "car"
                ],
                "prizeValueHint": null,
                "confidence": 0.6,
                "viaRedemption": false,
                "giftCard": null
              },
              {
                "brand": "MOTORCULTUREAUSTRALIA",
                "url": "https://www.motorcultureaustralia.com/current-giveaways/",
                "source": "Source: motorcultureaustralia.com (https://www.motorcultureaustralia.com/current-giveaways/)",
                "title": "Current Giveaways &#8211; Motor Culture Australia",
                "headline": "1 DAY ONLY! Mercedes AMG C63S ¬∑ 1 WEEK ONLY: Brand New INEOS Grenadier ¬∑ 1 DAY ONLY: $100,000 Cash Giveaway ¬∑ 2023 Honda Civic Type R ¬∑ 1 Week Only: Brand New 2024 ...",
                "type": "PRIZE",
                "heroCount": null,
                "totalWinners": null,
                "cadence": null,
                "prizeItems": [
                  "data",
                  "car",
                  "cash",
                  "trip"
                ],
                "prizeValueHint": "$100,000",
                "confidence": 0.6,
                "viaRedemption": false,
                "giftCard": null
              },
              {
                "brand": "RSREWARDS",
                "url": "https://rsrewards.com.au/competition",
                "source": "Source: rsrewards.com.au (https://rsrewards.com.au/competition)",
                "title": "RS Rewards - Australia's Best Rewards Club",
                "headline": "Join RS Rewards for monthly prize draws and exclusive competitions. Win amazing prizes including cash, gift cards, and more. Enter our monthly raffles ...",
                "type": "PRIZE",
                "heroCount": null,
                "totalWinners": null,
                "cadence": "weekly",
                "prizeItems": [
                  "cash",
                  "gift card",
                  "car",
                  "trip",
                  "data",
                  "plan",
                  "plans"
                ],
                "prizeValueHint": "$20",
                "confidence": 0.6,
                "viaRedemption": false,
                "giftCard": null
              },
              {
                "brand": "REDBULL",
                "url": "https://www.redbull.com/au-en/events/red-bull-dance-your-style-national-finals-australia",
                "source": "Source: redbull.com (https://www.redbull.com/au-en/events/red-bull-dance-your-style-national-finals-australia)",
                "title": "Red Bull Dance Your Style Final Australia 2025",
                "headline": "Red Bull Dance Your Style is a 1v1 Street Dance battle competition where Australia's best street dancers dance to unpredictable music hits and the crowd ...",
                "type": "PRIZE",
                "heroCount": null,
                "totalWinners": null,
                "cadence": null,
                "prizeItems": [
                  "data",
                  "car"
                ],
                "prizeValueHint": null,
                "confidence": 0.6,
                "viaRedemption": false,
                "giftCard": null
              },
              {
                "brand": "MASTERSOFCHOREOGRAPHY",
                "url": "https://www.mastersofchoreography.com/udo-australia",
                "source": "Source: mastersofchoreography.com (https://www.mastersofchoreography.com/udo-australia)",
                "title": "UDO AUSTRALIA | Masters Of Choreogra",
                "headline": "UDO Australia falls under the Masters of Choreography umbrella and is our National Street Dance competition which we have hosted since 2015.",
                "type": "PRIZE",
                "heroCount": null,
                "totalWinners": null,
                "cadence": null,
                "prizeItems": [
                  "tv",
                  "data",
                  "car",
                  "plans",
                  "trip",
                  "giftcard",
                  "plan"
                ],
                "prizeValueHint": null,
                "confidence": 0.6,
                "viaRedemption": false,
                "giftCard": null
              },
              {
                "brand": "DARLINGHARBOUR",
                "url": "https://www.darlingharbour.com/whats-on/archive/events/beat-breakdown",
                "source": "Source: darlingharbour.com (https://www.darlingharbour.com/whats-on/archive/events/beat-breakdown)",
                "title": "Beat Breakdown - Battle it out at Sydney&#39;s 1v1 Street Dance Showdown in Darling Harbour | Darling Harbour",
                "headline": "Beat Breakdown",
                "type": "PRIZE",
                "heroCount": null,
                "totalWinners": null,
                "cadence": "weekly",
                "prizeItems": [
                  "data",
                  "car",
                  "plan"
                ],
                "prizeValueHint": null,
                "confidence": 0.6,
                "viaRedemption": false,
                "giftCard": null
              },
              {
                "brand": "TRANSPORT",
                "url": "https://www.transport.nsw.gov.au/industry/cities-and-active-transport/cities-revitalisation-and-place/festival-of-place/creative-3",
                "source": "Source: transport.nsw.gov.au (https://www.transport.nsw.gov.au/industry/cities-and-active-transport/cities-revitalisation-and-place/festival-of-place/creative-3)",
                "title": "Public Space Ideas Competition | Transport for NSW",
                "headline": "The Ideas Competition aimed to shape a new conversation about public space in Sydney and was delivered in partnership with the Committee for Sydney.",
                "type": "PRIZE",
                "heroCount": null,
                "totalWinners": null,
                "cadence": null,
                "prizeItems": [
                  "car",
                  "data",
                  "tv",
                  "trip",
                  "plan"
                ],
                "prizeValueHint": null,
                "confidence": 0.6,
                "viaRedemption": false,
                "giftCard": null
              },
              {
                "brand": "NUTELLA",
                "url": "https://www.nutella.com/au/en/xp/nutella-x-kinder-biscuits/faq/",
                "source": "Source: nutella.com (https://www.nutella.com/au/en/xp/nutella-x-kinder-biscuits/faq/)",
                "title": "Nutella x Kinder Biscuits promotion",
                "headline": "Frequently Asked Questions",
                "type": "PRIZE",
                "heroCount": null,
                "totalWinners": null,
                "cadence": "instant",
                "prizeItems": [
                  "data",
                  "gift card",
                  "car"
                ],
                "prizeValueHint": "$100",
                "confidence": 0.6,
                "viaRedemption": false,
                "giftCard": null
              },
              {
                "brand": "KINDER",
                "url": "https://www.kinder.com/au/en/xp/kinderbuenosoundbreaks/term-conditions",
                "source": "Source: kinder.com (https://www.kinder.com/au/en/xp/kinderbuenosoundbreaks/term-conditions)",
                "title": "T&amp;C | Kinder Bueno Sound Breaks",
                "headline": "All provisional winners are subject to verification. Upon verification, winners will be sent their prize. Total prize pool. The total prize pool is AU$43,022.",
                "type": "PRIZE",
                "heroCount": 1,
                "totalWinners": null,
                "cadence": "daily",
                "prizeItems": [
                  "data",
                  "car",
                  "holiday",
                  "cash",
                  "plan"
                ],
                "prizeValueHint": "$439",
                "confidence": 0.6,
                "viaRedemption": false,
                "giftCard": null
              },
              {
                "brand": "NUTELLA",
                "url": "https://www.nutella.com/au/en/xp/nutella-x-kinder-biscuits/winners/",
                "source": "Source: nutella.com (https://www.nutella.com/au/en/xp/nutella-x-kinder-biscuits/winners/)",
                "title": "Winners - Nutella",
                "headline": "Winners",
                "type": "PRIZE",
                "heroCount": null,
                "totalWinners": null,
                "cadence": null,
                "prizeItems": [
                  "data",
                  "gift card",
                  "car"
                ],
                "prizeValueHint": "$10,000",
                "confidence": 0.6,
                "viaRedemption": false,
                "giftCard": null
              },
              {
                "brand": "KINDER",
                "url": "https://www.kinder.com/au/en/kinder-natoons-consumer-promotion-faq",
                "source": "Source: kinder.com (https://www.kinder.com/au/en/kinder-natoons-consumer-promotion-faq)",
                "title": "Kinder Natoons Consumer Promotion FAQ - Kinder Australia and New Zealand",
                "headline": "Kinder Natoons Consumer Promotion FAQ",
                "type": "PRIZE",
                "heroCount": null,
                "totalWinners": null,
                "cadence": "daily",
                "prizeItems": [
                  "car",
                  "data",
                  "tv"
                ],
                "prizeValueHint": null,
                "confidence": 0.6,
                "viaRedemption": false,
                "giftCard": null
              },
              {
                "brand": "TCGPROMO",
                "url": "https://tcgpromo.com.au/au/en/xp/win/terms-lavazza/",
                "source": "Source: tcgpromo.com.au (https://tcgpromo.com.au/au/en/xp/win/terms-lavazza/)",
                "title": "Terms-Lavazza | Nutella¬†DeLonghi Promotion",
                "headline": "All draws will take place at 3:30pm AEST/AEDT (5:30pm NZDT) at Handling Matters Pty Ltd, Unit 40, 1-5 Thew Parade, Cromer NSW 2099 on the dates specified in the ...",
                "type": "PRIZE",
                "heroCount": 250,
                "totalWinners": null,
                "cadence": null,
                "prizeItems": [
                  "data",
                  "car",
                  "gift card",
                  "cash",
                  "plan"
                ],
                "prizeValueHint": "$15",
                "confidence": 0.6,
                "viaRedemption": false,
                "giftCard": null
              },
              {
                "brand": "Woolworths",
                "url": "https://www.lottos.com.au/competitions/viewthreadlite.php?tid=672336",
                "source": "Source: lottos.com.au (https://www.lottos.com.au/competitions/viewthreadlite.php?tid=672336)",
                "title": "Verifying...",
                "headline": "The winner of the Major Prize Draw will win one (1) $10,000 EFTPOS Gift Card. Total prize pool. The total prize pool is AU$50,000. How many ...",
                "type": "PRIZE",
                "heroCount": null,
                "totalWinners": null,
                "cadence": null,
                "prizeItems": [
                  "data"
                ],
                "prizeValueHint": null,
                "confidence": 0.6,
                "viaRedemption": false,
                "giftCard": null
              },
              {
                "brand": "KINDER",
                "url": "https://www.kinder.com/au/en/win",
                "source": "Source: kinder.com (https://www.kinder.com/au/en/win)",
                "title": "Win - Kinder Australia and New Zealand",
                "headline": "Enter for a chance to win 1 of 1500 Natoons Adventure Boards.",
                "type": "PRIZE",
                "heroCount": 150,
                "totalWinners": null,
                "cadence": null,
                "prizeItems": [
                  "data",
                  "car"
                ],
                "prizeValueHint": null,
                "confidence": 0.6,
                "viaRedemption": false,
                "giftCard": null
              },
              {
                "brand": "AP-SOUTHEAST-2",
                "url": "https://ap-southeast-2.graphassets.com/AY4aDPEmTRrKdZ4jgHiscz/cmbr6yjzfyqw6072vyro8jeep",
                "source": "Source: ap-southeast-2.graphassets.com (https://ap-southeast-2.graphassets.com/AY4aDPEmTRrKdZ4jgHiscz/cmbr6yjzfyqw6072vyro8jeep)",
                "title": "PR240643 - Conversion - Nutella and Kinder Biscuits Promotion",
                "headline": "Entries open at 12:00am AEST on 16/07/25 and close at 11:59pm AEST on 26/08/25. (‚ÄúCompetition Period‚Äù). Who can enter?",
                "type": "PRIZE",
                "heroCount": null,
                "totalWinners": null,
                "cadence": null,
                "prizeItems": [
                  "tv",
                  "giftcard",
                  "car"
                ],
                "prizeValueHint": "$79",
                "confidence": 0.6,
                "viaRedemption": false,
                "giftCard": null
              },
              {
                "brand": "FERRERO",
                "url": "https://www.ferrero.com/int/en/news-stories/news/tic-tac-launches-new-choose-your-match-campaign",
                "source": "Source: ferrero.com (https://www.ferrero.com/int/en/news-stories/news/tic-tac-launches-new-choose-your-match-campaign)",
                "title": "Tic Tac Launches &#039;Choose Your Match&#039; Campaign - Vote for the Next Limited-Edition Flavor | Ferrero",
                "headline": "Join Tic Tac's 'Choose Your Match' campaign and help decide the next limited-edition flavor! Explore new refreshing Tic Tac flavors, ...",
                "type": "PRIZE",
                "heroCount": null,
                "totalWinners": null,
                "cadence": null,
                "prizeItems": [
                  "car",
                  "plan",
                  "data",
                  "trip",
                  "tv"
                ],
                "prizeValueHint": null,
                "confidence": 0.6,
                "viaRedemption": false,
                "giftCard": null
              },
              {
                "brand": "EMPORIUMSHOWBAGS",
                "url": "https://emporiumshowbags.com.au/terms-and-conditions/",
                "source": "Source: emporiumshowbags.com.au (https://emporiumshowbags.com.au/terms-and-conditions/)",
                "title": "Terms and Conditions | Emporium Showbags",
                "headline": "Winners will be posted on @‚Äåemporiumshowbags Instagram stories at 7pm Wednesday 24th September 2025 AEDT. Winner will be contacted through our official ...",
                "type": "PRIZE",
                "heroCount": null,
                "totalWinners": null,
                "cadence": null,
                "prizeItems": [
                  "data",
                  "car",
                  "cash",
                  "gift card",
                  "voucher",
                  "tv"
                ],
                "prizeValueHint": "$500",
                "confidence": 0.6,
                "viaRedemption": false,
                "giftCard": null
              },
              {
                "brand": "Gelatissimo",
                "url": "https://gelatissimo.com.au/gelatissimo-marion-birthday-giveaway-tcs/",
                "source": "Source: gelatissimo.com.au (https://gelatissimo.com.au/gelatissimo-marion-birthday-giveaway-tcs/)",
                "title": "Gelatissimo Marion Birthday Giveaway T&amp;Cs - Gelatissimo",
                "headline": "Gelatissimo Marion Birthday Giveaway T&#038;Cs",
                "type": "PRIZE",
                "heroCount": null,
                "totalWinners": null,
                "cadence": "daily",
                "prizeItems": [
                  "data",
                  "car",
                  "gift card",
                  "cash",
                  "tv"
                ],
                "prizeValueHint": "$500",
                "confidence": 0.6,
                "viaRedemption": false,
                "giftCard": null
              },
              {
                "brand": "GELATISSIMO",
                "url": "https://gelatissimo.com.au/social-competition-terms-conditions/",
                "source": "Source: gelatissimo.com.au (https://gelatissimo.com.au/social-competition-terms-conditions/)",
                "title": "Social Competitions - Terms &amp; Conditions - Gelatissimo",
                "headline": "Social Competitions &#8211; Terms &#038; Conditions",
                "type": "PRIZE",
                "heroCount": null,
                "totalWinners": null,
                "cadence": "daily",
                "prizeItems": [
                  "data",
                  "car",
                  "gift card",
                  "cash",
                  "tv"
                ],
                "prizeValueHint": "$20",
                "confidence": 0.6,
                "viaRedemption": false,
                "giftCard": null
              },
              {
                "brand": "GELATISSIMO",
                "url": "https://gelatissimo.com.au/turtally-awesome-colouring-in-competition/",
                "source": "Source: gelatissimo.com.au (https://gelatissimo.com.au/turtally-awesome-colouring-in-competition/)",
                "title": "Turtally Awesome Colouring In Competition - Gelatissimo",
                "headline": "Turtally Awesome Colouring In Competition",
                "type": "PRIZE",
                "heroCount": 46,
                "totalWinners": null,
                "cadence": "daily",
                "prizeItems": [
                  "data",
                  "car",
                  "cash",
                  "plan",
                  "gift card",
                  "tv"
                ],
                "prizeValueHint": "$49",
                "confidence": 0.6,
                "viaRedemption": false,
                "giftCard": null
              },
              {
                "brand": "GELATISSIMO",
                "url": "https://gelatissimo.com.au/celebrate-mont-blanc-moccamaster-giveaway-tcs/",
                "source": "Source: gelatissimo.com.au (https://gelatissimo.com.au/celebrate-mont-blanc-moccamaster-giveaway-tcs/)",
                "title": "Celebrate Mont Blanc - Moccamaster Giveaway T&amp;Cs - Gelatissimo",
                "headline": "Celebrate Mont Blanc &#8211; Moccamaster Giveaway T&#038;Cs",
                "type": "PRIZE",
                "heroCount": null,
                "totalWinners": null,
                "cadence": "daily",
                "prizeItems": [
                  "data",
                  "car",
                  "cash",
                  "gift card",
                  "tv"
                ],
                "prizeValueHint": "$600",
                "confidence": 0.6,
                "viaRedemption": false,
                "giftCard": null
              },
              {
                "brand": "Gelatissimo",
                "url": "https://gelatissimo.com.au/gelatissimo-x-transformers-one-merchandise-competition-terms-conditions/",
                "source": "Source: gelatissimo.com.au (https://gelatissimo.com.au/gelatissimo-x-transformers-one-merchandise-competition-terms-conditions/)",
                "title": "Gelatissimo x TRANSFORMERS ONE Merchandise Competition Terms &amp; Conditions - Gelatissimo",
                "headline": "Gelatissimo x TRANSFORMERS ONE Merchandise Competition Terms &#038; Conditions",
                "type": "PRIZE",
                "heroCount": 15,
                "totalWinners": null,
                "cadence": "daily",
                "prizeItems": [
                  "data",
                  "car",
                  "cash",
                  "plan",
                  "gift card",
                  "tv"
                ],
                "prizeValueHint": "$500",
                "confidence": 0.6,
                "viaRedemption": false,
                "giftCard": null
              }
            ]
          },
          "retailers": {
            "names": [
              "Coles",
              "Woolworths",
              "ALDI",
              "IGA",
              "7-Eleven",
              "IGA / Metcash",
              "Convenience chains (7-Eleven, NightOwl)"
            ],
            "facts": [
              {
                "claim": "Shop Wicked Sister Products Online ‚Äî Spend $20 in one transaction, scan your Flybuys and receive one bonus ... Coles Online - Hawthorn East, Victoria Australia 3123 ¬© Copyright Coles 2025 ...",
                "source": "Source: coles.com.au (https://www.coles.com.au/brands/wicked-sister-2243304464?srsltid=AfmBOorYQ8EpCARESOfggSYw6a0kH6Cd3I8WTHdJ2uPnxIgPwdEmQSyX)"
              },
              {
                "claim": "Shop Wicked Products Online ‚Äî Wicked Sister High Protein Chocolate Pudding | 170g. Wicked Sister High Protein Chocolate Pudding | 170g. $3.30. $1.94 per 100g.",
                "source": "Source: coles.com.au (https://www.coles.com.au/brands/wicked-209964905?srsltid=AfmBOortoQhVbLxDlHASP978vo60t2xIrbty54sQNgLP1XZNkHeuMoVj)"
              },
              {
                "claim": "Shop Wicked Sister Products Online ‚Äî Shop your way at Coles. Our range of Wicked Sister products at everyday low prices you know and trust. Shop online and get home delivery or click and ...",
                "source": "Source: coles.com.au (https://www.coles.com.au/brands/wicked-sister-2243304464?srsltid=AfmBOophw4pZ-ovAdz4Yo1Wu-oOmT-q36A_DguVvm1KJ1Y5teT7wiTKK)"
              },
              {
                "claim": "Browse Frozen Desserts ‚Äî Frozen Desserts ; Sara Lee Lemon Cheesecake | 410g ¬∑ $2.20 per 100g ; Sara Lee Frozen Chocolate Buttercake | 350g ¬∑ $2.57 per 100g ; Sara Lee ...",
                "source": "Source: coles.com.au (https://www.coles.com.au/browse/frozen/frozen-desserts?srsltid=AfmBOoqADk4B-Ru-b16VsUXkYkjrkoV-PHhDU49mf67OBdGP2in7EG7t)"
              },
              {
                "claim": "Browse Assorted Desserts ‚Äî Assorted Desserts ; Sara Lee Frozen Chocolate Buttercake | 350g ¬∑ $9.00. $2.57 per 100g ; Coles Finest Triple Chocolate Buche | 470g ¬∑ $18.00.",
                "source": "Source: coles.com.au (https://www.coles.com.au/browse/frozen/frozen-desserts/assorted-desserts?srsltid=AfmBOoqLhpCXuJ8382fayyc4PQ8RPG3OAm3owlAHdkMPjR1g9IWQL5_N)"
              },
              {
                "claim": "Browse Frozen ‚Äî Binggrae Samanco Dessert Sandwich 4 Pack. Frozen dessert with strawberry or red bean flavours. Shop Now.",
                "source": "Source: coles.com.au (https://www.coles.com.au/browse/frozen?srsltid=AfmBOooaZxqdFdACnLS3yFGQgsu_guylkITN7tX67HTQrC-MnBEEpot1)"
              },
              {
                "claim": "Browse Ice Cream ‚Äî Proud & Punch Coconuts For Mango Frozen Dessert 6 Pack | 450mL. Proud & Punch Coconuts For Mango Frozen Dessert 6 Pack | 450mL. $4.25.",
                "source": "Source: coles.com.au (https://www.coles.com.au/browse/frozen/ice-cream?srsltid=AfmBOopKVUD0tKALr3q2cigrPI24lPrC5JUNTGfeZWP0tHdIiJ964h_W)"
              },
              {
                "claim": "Browse Cakes & Cheesecakes ‚Äî Sara Lee Lemon Cheesecake | 410g ¬∑ $2.20 per 100g ; Sara Lee Frozen Chocolate Buttercake | 350g ¬∑ $2.57 per 100g ; Sara Lee Frozen Chocolate ...",
                "source": "Source: coles.com.au (https://www.coles.com.au/browse/frozen/frozen-desserts/cakes-cheesecakes?srsltid=AfmBOoqRuWbhAPkO3Sbtpqm1KvK3E9gS8F9j4TO18tYXyN36IOJMwGxq)"
              }
            ]
          },
          "season": {
            "label": "Spring in Australia",
            "facts": []
          },
          "market": {
            "facts": [
              {
                "claim": "Bridging the gap: Trends and challenges in grocery and retail ‚Äî With consumers increasingly seeking convenience, food-to-go and meal solutions are becoming increasingly popular. While many grocery retailers ...",
                "source": "Source: retail.org.au (https://www.retail.org.au/news-and-insights/bridging-the-gap-trends-and-challenges-in-grocery-and-retail)"
              },
              {
                "claim": "Supermarkets and Grocery Stores in Australia ‚Äî Trends and Insights ¬∑ ACCC's supermarket inquiry has highlighted key industry dynamics. ¬∑ Changing consumer trends are causing a shift in store product mixes.",
                "source": "Source: ibisworld.com (https://www.ibisworld.com/australia/industry/supermarkets-and-grocery-stores/1834/)"
              },
              {
                "claim": "Australian Retail Outlook 2025 ‚Äî Retail sector trends and insights for 2025, including digital evolution, customer experience, sustainability and supply chain optimisation.",
                "source": "Source: kpmg.com (https://kpmg.com/au/en/insights/industry/australian-retail-outlook.html)"
              },
              {
                "claim": "People infer better odds when many winners are visible; cadence visibility (e.g., daily awards) increases perceived fairness.",
                "source": "Source: indicative (behavioural marketing literature)"
              }
            ]
          },
          "signals": {
            "facts": [
              {
                "claim": "Client: Wicked Sister",
                "source": "Source: brief"
              },
              {
                "claim": "Brand: Wicked Sister",
                "source": "Source: brief"
              },
              {
                "claim": "Campaign objective: Drive two-pack purchases and capture opted-in dessert fans before the Wicked film release.",
                "source": "Source: brief"
              },
              {
                "claim": "Promotion type: INSTANT_WIN",
                "source": "Source: brief"
              },
              {
                "claim": "Mechanic: Buy 2 products, upload receipts and discover instantly if you‚Äôve scored a movie ticket.",
                "source": "Source: brief"
              },
              {
                "claim": "Hook: Win a Movie Ticket Instantly",
                "source": "Source: brief"
              },
              {
                "claim": "Channels: In-store",
                "source": "Source: brief"
              },
              {
                "claim": "Channels: Social",
                "source": "Source: brief"
              },
              {
                "claim": "Channels: Digital",
                "source": "Source: brief"
              },
              {
                "claim": "Channels: Influencer",
                "source": "Source: brief"
              },
              {
                "claim": "Channels: Retail Media",
                "source": "Source: brief"
              },
              {
                "claim": "Channels: GROCERY",
                "source": "Source: brief"
              },
              {
                "claim": "Channels: CONVENIENCE",
                "source": "Source: brief"
              },
              {
                "claim": "Season/theme: Spring",
                "source": "Source: brief"
              },
              {
                "claim": "Staff burden: ZERO",
                "source": "Source: brief"
              },
              {
                "claim": "Proof requirement: FULL_RECEIPT",
                "source": "Source: brief"
              },
              {
                "claim": "Entry mechanic cues: Win a Movie Ticket Instantly",
                "source": "Source: brief"
              },
              {
                "claim": "Entry mechanic cues: Buy 2 products, upload receipts and discover instantly if you‚Äôve scored a movie ticket.",
                "source": "Source: brief"
              },
              {
                "claim": "Campaign title: Spring Movie Launch",
                "source": "Source: brief"
              },
              {
                "claim": "IP tie-in briefed (licensed): Wicked ‚Äî For Good | type: FILM | window: November 2025.",
                "source": "Source: brief"
              },
              {
                "claim": "Recent promos show hero prize counts clustering around ~35.5 (mode ‚âà 1).",
                "source": "Source: indicative (live promo scan)"
              },
              {
                "claim": "Cadence cues common in-market: instant & weekly & daily.",
                "source": "Source: indicative (live promo scan)"
              }
            ]
          },
          "benchmarks": {
            "heroPrize": {
              "median": 35.5,
              "mode": 1
            },
            "cadenceShare": {
              "instant": 0.3529411764705883,
              "weekly": 0.2352941176470588,
              "daily": 0.4117647058823529
            },
            "manyWinnersShare": 0,
            "prizeCountsObserved": {
              "total": 10,
              "common": [
                {
                  "count": 1,
                  "share": 0.2
                },
                {
                  "count": 150,
                  "share": 0.2
                },
                {
                  "count": 3,
                  "share": 0.1
                }
              ]
            },
            "recommendedHeroCount": 3,
            "positionVsMarket": "UNKNOWN"
          },
          "meta": {
            "level": "MAX",
            "warnings": [],
            "usedFallbacks": [],
            "searchProvider": "serper",
            "logs": [
              "search:serper:The Wicked Sisters shopper promotion AU -> 6",
              "search:serper:The Wicked Sisters Coles promotion AU -> 6",
              "search:serper:Frozen dessert Australia market trend -> 6",
              "search:serper:Australia grocery & convenience retail trends -> 6",
              "search:serper:The Wicked Sisters shopper insights AU -> 6",
              "search:serper:Frozen dessert promotion Australia -> 6",
              "search:serper:The Wicked Sisters consumer insights AU -> 6",
              "search:serper:The Wicked Sisters consumer research AU -> 6",
              "search:serper:The Wicked Sisters Coles activation Australia -> 6",
              "search:serper:Frozen dessert category growth Australia -> 6",
              "search:serper:The Wicked Sisters brand campaign AU -> 6",
              "search:serper:The Wicked Sisters buyer insight AU -> 6",
              "search:serper:The Wicked Sisters Coles buyer pitch -> 6",
              "search:serper:The Wicked Sisters market share AU -> 6",
              "search:serper:The Wicked Sisters audience profile Australia -> 6",
              "search:serper:The Wicked Sisters Drive two-pack purchases and capture opted-in dessert fans before the Wicked film release. promotion AU -> 6",
              "search:serper:The Wicked Sisters Coles range review -> 6",
              "search:serper:The Wicked Sisters category performance AU -> 6",
              "search:serper:Primary grocery buyers shopper insights AU -> 6",
              "search:serper:The Wicked Sisters Coles case study -> 6",
              "search:serper:The Wicked Sisters Win a Movie Ticket Instantly promotion AU -> 6",
              "search:serper:The Wicked Sisters sales growth AU -> 6",
              "search:serper:Primary grocery buyers promotion response AU -> 6",
              "search:serper:The Wicked Sisters Woolworths promotion AU -> 6",
              "search:serper:The Wicked Sisters Buy 2 products, upload receipts and discover instantly if you‚Äôve scored a movie ticket. promotion AU -> 6",
              "search:serper:The Wicked Sisters Woolworths activation Australia -> 6",
              "search:serper:The Wicked Sisters Australia -> 6",
              "search:serper:They reward the family with purposeful treats that feel magical but still practical. shopper insights AU -> 6",
              "search:serper:The Wicked Sisters prize draw Australia -> 6",
              "search:serper:The Wicked Sisters Woolworths buyer pitch -> 6",
              "search:serper:They reward the family with purposeful treats that feel magical but still practical. promotion response AU -> 6",
              "search:serper:Plans movie nights, shares dessert finds on social, responds to retailer app notifications. shopper insights AU -> 6",
              "search:serper:The Wicked Sisters Woolworths range review -> 6",
              "search:serper:The Wicked Sisters Woolworths case study -> 6",
              "search:serper:Plans movie nights, shares dessert finds on social, responds to retailer app notifications. promotion response AU -> 6",
              "search:serper:In-store shopper behaviour AU -> 6",
              "search:serper:The Wicked Sisters ALDI promotion AU -> 6",
              "search:serper:The Wicked Sisters ALDI activation Australia -> 6",
              "search:serper:Social shopper behaviour AU -> 6",
              "search:serper:The Wicked Sisters ALDI buyer pitch -> 6",
              "search:serper:Digital shopper behaviour AU -> 6",
              "search:serper:Influencer shopper behaviour AU -> 6",
              "search:serper:The Wicked Sisters ALDI range review -> 6",
              "search:serper:The Wicked Sisters ALDI case study -> 6",
              "search:serper:Australia grocery shopper promotion trends -> 6",
              "search:serper:The Wicked Sisters IGA promotion AU -> 6",
              "search:serper:front-of-store impulse purchase research Australia -> 6",
              "search:serper:The Wicked Sisters IGA activation Australia -> 6",
              "search:serper:AU retail promotional response study -> 6",
              "search:serper:The Wicked Sisters IGA buyer pitch -> 6",
              "search:serper:The Wicked Sisters IGA range review -> 6",
              "search:serper:The Wicked Sisters IGA case study -> 6",
              "search:serper:The Wicked Sisters 7-Eleven promotion AU -> 6",
              "search:serper:The Wicked Sisters 7-Eleven activation Australia -> 6",
              "search:serper:The Wicked Sisters 7-Eleven buyer pitch -> 6",
              "search:serper:The Wicked Sisters 7-Eleven range review -> 6",
              "search:serper:The Wicked Sisters 7-Eleven case study -> 6",
              "search:serper:The Wicked Sisters IGA / Metcash promotion AU -> 6",
              "search:serper:The Wicked Sisters IGA / Metcash activation Australia -> 6",
              "search:serper:The Wicked Sisters IGA / Metcash buyer pitch -> 2",
              "search:serper:The Wicked Sisters IGA / Metcash range review -> 6",
              "search:serper:The Wicked Sisters IGA / Metcash case study -> 6",
              "search:serper:The Wicked Sisters Convenience chains (7-Eleven, NightOwl) promotion AU -> 6",
              "search:serper:The Wicked Sisters Convenience chains (7-Eleven, NightOwl) activation Australia -> 6",
              "search:serper:The Wicked Sisters Convenience chains (7-Eleven, NightOwl) buyer pitch -> 6",
              "search:serper:The Wicked Sisters Convenience chains (7-Eleven, NightOwl) range review -> 6",
              "search:serper:The Wicked Sisters Convenience chains (7-Eleven, NightOwl) case study -> 6",
              "search:serper:The Wicked Sisters ranging Australia -> 6",
              "search:serper:The Wicked Sisters retail buyer feedback -> 6",
              "search:serper:The Wicked Sisters supermarket partnership Australia -> 6",
              "search:serper:Coles freezer space Frozen dessert AU -> 5",
              "search:serper:Frozen dessert treat cost of living AU -> 5",
              "search:serper:Coles range review Frozen dessert AU -> 5",
              "search:serper:Frozen dessert grocery budget indulgence AU -> 5",
              "search:serper:Coles shelf space competition Frozen dessert -> 5",
              "search:serper:Frozen dessert family dessert sharing insight -> 5",
              "search:serper:Woolworths freezer space Frozen dessert AU -> 5",
              "search:serper:Frozen dessert shopper mum buying for family -> 5",
              "search:serper:Woolworths range review Frozen dessert AU -> 5",
              "search:serper:Woolworths shelf space competition Frozen dessert -> 5",
              "search:serper:Frozen dessert affordable luxury Australia -> 5",
              "search:serper:ALDI freezer space Frozen dessert AU -> 5",
              "search:serper:cost of living grocery treat australia -> 5",
              "search:serper:ALDI range review Frozen dessert AU -> 5",
              "search:serper:grocery buyer vs eater insight australia -> 5",
              "search:serper:The Wicked Sisters shopper insight australia -> 5",
              "search:serper:ALDI shelf space competition Frozen dessert -> 5",
              "search:serper:The Wicked Sisters cost of living -> 5",
              "search:serper:IGA freezer space Frozen dessert AU -> 5",
              "search:serper:The Wicked Sisters treat mom insight -> 5",
              "search:serper:IGA range review Frozen dessert AU -> 5",
              "search:serper:IGA shelf space competition Frozen dessert -> 5",
              "search:serper:7-Eleven freezer space Frozen dessert AU -> 5",
              "search:serper:7-Eleven range review Frozen dessert AU -> 5",
              "search:serper:7-Eleven shelf space competition Frozen dessert -> 5",
              "search:serper:IGA / Metcash freezer space Frozen dessert AU -> 5",
              "search:serper:IGA / Metcash range review Frozen dessert AU -> 5",
              "search:serper:IGA / Metcash shelf space competition Frozen dessert -> 5",
              "search:serper:The Wicked Sisters Coles ranging -> 5",
              "search:serper:The Wicked Sisters Woolworths range -> 5",
              "search:serper:The Wicked Sisters freezer facings Australia -> 5",
              "search:serper:Frozen dessert freezer space Australia -> 5",
              "search:serper:Frozen dessert shelf share supermarket -> 5",
              "search:serper:Frozen dessert private label competition Australia -> 5",
              "search:serper:Frozen dessert range review Coles -> 5",
              "search:serper:Frozen dessert range review Woolworths -> 5",
              "search:serper:Frozen dessert independent grocer freezer -> 5",
              "search:serper:Rokeby Farms freezer space Coles -> 5",
              "search:serper:Rokeby Farms Woolworths freezer -> 5",
              "search:serper:Priestley‚Äôs Gourmet Delights freezer space Coles -> 5",
              "search:serper:Priestley‚Äôs Gourmet Delights Woolworths freezer -> 5",
              "search:serper:Jillian's Cakery freezer space Coles -> 5",
              "search:serper:Rokeby Farms promotion AU -> 6",
              "search:serper:Rokeby Farms competition AU -> 6",
              "search:serper:Priestley‚Äôs Gourmet Delights promotion AU -> 6",
              "search:serper:Priestley‚Äôs Gourmet Delights competition AU -> 6",
              "search:serper:Jillian's Cakery promotion AU -> 6",
              "search:serper:Jillian's Cakery competition AU -> 6",
              "search:serper:Belle Fleur promotion AU -> 6",
              "search:serper:Belle Fleur competition AU -> 6",
              "search:serper:Beak & Johnston promotion AU -> 6",
              "search:serper:Beak & Johnston competition AU -> 6",
              "search:serper:Carman's promotion AU -> 6",
              "search:serper:Carman's competition AU -> 6",
              "search:serper:Pauls PLUS+ promotion AU -> 6",
              "search:serper:Pauls PLUS+ competition AU -> 6",
              "search:serper:Chobani promotion AU -> 6",
              "search:serper:Chobani competition AU -> 6",
              "search:serper:Rokeby Farms brand overview AU -> 6",
              "search:serper:Rokeby Farms chilled dessert brand Australia -> 6",
              "search:serper:Rokeby Farms shopper insight AU -> 6",
              "search:serper:Rokeby Farms retail distribution Australia -> 6",
              "search:serper:The Wicked Sisters vs Rokeby Farms -> 6",
              "search:serper:The Wicked Sisters and Rokeby Farms market share -> 6",
              "search:serper:The Wicked Sisters Rokeby Farms comparison Australia -> 6",
              "search:serper:Priestley‚Äôs Gourmet Delights brand overview AU -> 6",
              "search:serper:Priestley‚Äôs Gourmet Delights chilled dessert brand Australia -> 6",
              "search:serper:Priestley‚Äôs Gourmet Delights shopper insight AU -> 6",
              "search:serper:Priestley‚Äôs Gourmet Delights retail distribution Australia -> 6",
              "search:serper:The Wicked Sisters vs Priestley‚Äôs Gourmet Delights -> 6",
              "search:serper:The Wicked Sisters and Priestley‚Äôs Gourmet Delights market share -> 6",
              "search:serper:The Wicked Sisters Priestley‚Äôs Gourmet Delights comparison Australia -> 6",
              "search:serper:Jillian's Cakery brand overview AU -> 6",
              "search:serper:Jillian's Cakery chilled dessert brand Australia -> 6",
              "search:serper:Jillian's Cakery shopper insight AU -> 6",
              "search:serper:Jillian's Cakery retail distribution Australia -> 6",
              "search:serper:The Wicked Sisters vs Jillian's Cakery -> 6",
              "search:serper:The Wicked Sisters and Jillian's Cakery market share -> 6",
              "search:serper:The Wicked Sisters Jillian's Cakery comparison Australia -> 6",
              "search:serper:Belle Fleur brand overview AU -> 6",
              "search:serper:Belle Fleur chilled dessert brand Australia -> 6",
              "search:serper:Belle Fleur shopper insight AU -> 6",
              "search:serper:Belle Fleur retail distribution Australia -> 6",
              "search:serper:The Wicked Sisters vs Belle Fleur -> 6",
              "search:serper:The Wicked Sisters and Belle Fleur market share -> 6",
              "search:serper:The Wicked Sisters Belle Fleur comparison Australia -> 6",
              "search:serper:Beak & Johnston brand overview AU -> 6",
              "search:serper:Beak & Johnston chilled dessert brand Australia -> 6",
              "search:serper:Beak & Johnston shopper insight AU -> 6",
              "search:serper:Beak & Johnston retail distribution Australia -> 6",
              "search:serper:The Wicked Sisters vs Beak & Johnston -> 6",
              "search:serper:The Wicked Sisters and Beak & Johnston market share -> 6",
              "search:serper:The Wicked Sisters Beak & Johnston comparison Australia -> 6",
              "search:serper:Carman's brand overview AU -> 6",
              "search:serper:Carman's chilled dessert brand Australia -> 6",
              "search:serper:Carman's shopper insight AU -> 6",
              "search:serper:Carman's retail distribution Australia -> 6",
              "search:serper:The Wicked Sisters vs Carman's -> 6",
              "search:serper:The Wicked Sisters and Carman's market share -> 6",
              "search:serper:The Wicked Sisters Carman's comparison Australia -> 6",
              "search:serper:Pauls PLUS+ brand overview AU -> 6",
              "search:serper:Pauls PLUS+ chilled dessert brand Australia -> 6",
              "search:serper:Pauls PLUS+ shopper insight AU -> 6",
              "search:serper:Pauls PLUS+ retail distribution Australia -> 6",
              "search:serper:The Wicked Sisters vs Pauls PLUS+ -> 6",
              "search:serper:The Wicked Sisters and Pauls PLUS+ market share -> 6",
              "editorial:success",
              "catType=GENERIC",
              "liquorSub=UNKNOWN",
              "assured=false",
              "promos_collected=83",
              "benchmarks={\"heroPrize\":{\"median\":35.5,\"mode\":1},\"cadenceShare\":{\"instant\":0.35294117647058826,\"weekly\":0.23529411764705882,\"daily\":0.4117647058823529},\"manyWinnersShare\":0,\"prizeCountsObserved\":{\"total\":10,\"common\":[{\"count\":1,\"share\":0.2},{\"count\":150,\"share\":0.2},{\"count\":3,\"share\":0.1}]},\"recommendedHeroCount\":3,\"positionVsMarket\":\"UNKNOWN\"}"
            ],
            "cachedAt": "2025-11-01T07:36:39.136Z"
          },
          "insights": {
            "brand": [
              {
                "text": "Wicked Sister x Wicked ‚Äî Purchase any two packs of Wicked Sister Products for your chance to instantly win a movie ticket!",
                "source": "wickedsisterwin.com.au"
              },
              {
                "text": "FAQs - Wicked Sister x Wicked ‚Äî Buy any 2 packs of Wicked Sister products in one transaction from a Woolworths store during the Woolworths Exclusive promotion period. Then go ...",
                "source": "wickedsisterwin.com.au"
              },
              {
                "text": "Wicked Sister: Home Page ‚Äî Enjoy wickedly delicious desserts designed for everyday indulgence by Wicked Sister. Explore our wicked range, try recipes and find stockists here.",
                "source": "wickedsister.com.au"
              }
            ],
            "audience": [
              {
                "text": "Wicked Sister goes 'For Good' with new Wicked-inspired ... ‚Äî Chilled dessert brand Wicked Sister has launched limited-edition dessert pots inspired by Wicked: For Good film set to premiere next month.",
                "source": "insidefmcg.com.au"
              },
              {
                "text": "Paul Polly from Wicked Sister | Determined to succeed ‚Äî This is the story of Paul Polly and Wicked Sister desserts. Learn how he went from one pot to a $12 million factory.",
                "source": "nab.com.au"
              },
              {
                "text": "Wicked Sister bulks up protein pudding pack size ‚Äî With 15 grams of protein per serving and available in chocolate, strawberry, banana, along with a new vanilla flavour, these join the wider 170 ...",
                "source": "foodanddrinkbusiness.com.au"
              }
            ],
            "retailers": [
              {
                "text": "Shop Wicked Sister Products Online ‚Äî Spend $20 in one transaction, scan your Flybuys and receive one bonus ... Coles Online - Hawthorn East, Victoria Australia 3123 ¬© Copyright Coles 2025 ...",
                "source": "coles.com.au"
              },
              {
                "text": "Shop Wicked Products Online ‚Äî Wicked Sister High Protein Chocolate Pudding | 170g. Wicked Sister High Protein Chocolate Pudding | 170g. $3.30. $1.94 per 100g.",
                "source": "coles.com.au"
              },
              {
                "text": "Shop Wicked Sister Products Online ‚Äî Shop your way at Coles. Our range of Wicked Sister products at everyday low prices you know and trust. Shop online and get home delivery or click and ...",
                "source": "coles.com.au"
              },
              {
                "text": "Browse Frozen Desserts ‚Äî Frozen Desserts ; Sara Lee Lemon Cheesecake | 410g ¬∑ $2.20 per 100g ; Sara Lee Frozen Chocolate Buttercake | 350g ¬∑ $2.57 per 100g ; Sara Lee ...",
                "source": "coles.com.au"
              }
            ],
            "market": [
              {
                "text": "Bridging the gap: Trends and challenges in grocery and retail ‚Äî With consumers increasingly seeking convenience, food-to-go and meal solutions are becoming increasingly popular. While many grocery retailers ...",
                "source": "retail.org.au"
              },
              {
                "text": "Supermarkets and Grocery Stores in Australia ‚Äî Trends and Insights ¬∑ ACCC's supermarket inquiry has highlighted key industry dynamics. ¬∑ Changing consumer trends are causing a shift in store product mixes.",
                "source": "ibisworld.com"
              },
              {
                "text": "Australian Retail Outlook 2025 ‚Äî Retail sector trends and insights for 2025, including digital evolution, customer experience, sustainability and supply chain optimisation.",
                "source": "kpmg.com"
              }
            ],
            "signals": [
              {
                "text": "Client: Wicked Sister",
                "source": "brief"
              },
              {
                "text": "Brand: Wicked Sister",
                "source": "brief"
              },
              {
                "text": "Campaign objective: Drive two-pack purchases and capture opted-in dessert fans before the Wicked film release.",
                "source": "brief"
              },
              {
                "text": "Promotion type: INSTANT_WIN",
                "source": "brief"
              }
            ],
            "competitors": [
              {
                "text": "Brief competitor: Streets",
                "source": "brief"
              },
              {
                "text": "Rokeby Farms Chocolate Protein Smoothie 6 x 425ml ‚Äî Rokeby Farms Chocolate Protein Smoothie 6 x 425ml is a protein drink providing all 9 essential amino acids while providing sustained energy and fullness.",
                "source": "costco.com.au"
              },
              {
                "text": "Rokeby Farms ‚Äî All Rokeby Farms products are now available with Subscribe & Save ¬∑ Enjoy 5% off on every recurring order!",
                "source": "bulkeatswarehouse.com.au"
              },
              {
                "text": "Rokeby Nutrition ‚Äî Rokeby is a nutrition food company based in Melbourne. We make a range of award-winning dairy products to enjoy as part of a healthy lifestyle.",
                "source": "rokebynutrition.com"
              }
            ]
          },
          "dossier": {
            "brandTruths": [
              {
                "text": "Wicked Sister is leveraging the excitement of the upcoming 'Wicked: For Good' film by launching a limited-edition dessert pot range, aiming to drive consumer engagement through a movie-themed promotion.",
                "source": "insidefmcg.com.au"
              },
              {
                "text": "The brand's promotion offers an instant win mechanic, where purchasing two packs of Wicked Sister products gives consumers a chance to win movie tickets, effectively incentivizing multi-pack purchases.",
                "source": "wickedsisterwin.com.au"
              }
            ],
            "shopperTensions": [
              {
                "text": "Consumers are increasingly seeking convenience and indulgence, yet face cost-of-living pressures that may limit discretionary spending on premium desserts.",
                "source": "retail.org.au"
              },
              {
                "text": "While Wicked Sister positions itself as an everyday indulgence, the need to balance health-conscious choices with indulgence may create tension for health-aware consumers.",
                "source": "wickedsister.com.au"
              }
            ],
            "retailerReality": [
              {
                "text": "Coles and Woolworths dominate the retail landscape, with exclusive promotions like the Wicked Sister x Wicked campaign running through Woolworths, highlighting the retailer's clout in driving brand visibility.",
                "source": "coles.com.au"
              },
              {
                "text": "Freezer congestion in major supermarkets can limit shelf space for new product launches, making strategic partnerships with retailers crucial for visibility.",
                "source": "woolworths.com.au"
              }
            ],
            "competitorMoves": [
              {
                "text": "Rokeby Farms is expanding its product range with high-protein offerings, appealing to health-conscious consumers and potentially diverting attention from indulgent dessert options.",
                "source": "rokebynutrition.com"
              },
              {
                "text": "Competitors like Streets continue to maintain strong market presence, emphasizing the need for Wicked Sister to differentiate through unique promotions and partnerships.",
                "source": "brief"
              }
            ],
            "categorySignals": [
              {
                "text": "The frozen desserts market is projected to grow significantly, with a CAGR of approximately 5.4% from 2024 to 2034, indicating a robust opportunity for brands like Wicked Sister to capture market share.",
                "source": "globalinsightservices.com"
              },
              {
                "text": "The Australian ice cream market is expected to grow at a slower pace, with a 1.51% CAGR, suggesting that innovation and unique marketing strategies will be key to driving growth in the frozen dessert segment.",
                "source": "expertmarketresearch.com.au"
              }
            ],
            "benchmarks": []
          }
        },
        "benchmarks": {
          "cashback": {
            "sample": 0,
            "typicalAbs": null,
            "maxAbs": null,
            "typicalPct": null,
            "maxPct": null,
            "p25": null,
            "p75": null,
            "sources": []
          },
          "prizeCountsObserved": {
            "total": 0,
            "common": []
          },
          "recommendedHeroCount": 3,
          "positionVsMarket": "UNKNOWN"
        },
        "debug": {
          "codeVersion": "v4-eval-prose-au-locked",
          "orchestratorHash": "e111e6a52e",
          "composerHash": "fbaef9a7b3",
          "heuristics": {
            "subs": {
              "opv": 0,
              "pr": 0,
              "iw": 1,
              "freq": 0,
              "friction": 1,
              "prize": 0.5,
              "ras": 0,
              "hci": 1,
              "diff": 1
            },
            "total": 4.5,
            "gates": {
              "opv": false,
              "pr": false,
              "iwOrFreq": true,
              "friction": true,
              "ras": false,
              "comprehension": true
            }
          },
          "strategist_prompt": "Campaign: Wicked Sister ‚Äî Spring Movie Launch (Client: Wicked Sister)\nMarket: AU | Category: Frozen Desserts | Brand position: DISRUPTOR\nBRIEF (facts):\nBrand: Wicked Sister | Client: Wicked Sister | Hook: Win a Movie Ticket Instantly | Mechanic: Buy 2 products, upload receipts and discover instantly if you‚Äôve scored a movie ticket. | Promotion: INSTANT_WIN | Retailers: Coles, Woolworths, ALDI, IGA, 7-Eleven | Calendar: Spring | IP tie-in (licensed): Wicked ‚Äî For Good ‚Äî type: FILM ‚Äî window: November 2025 | Orientation: LIVE | RuleFlex: KEEP | Mode: FORWARD (future/in-flight) | Breadth/cadence winners present: ~2010.\nPROMOTRACK (private guardrails & winning patterns):\nPROMOTRACK GUARDRAILS (private; do not cite verbatim):\n- Hassle: prefer one-screen mobile entry; use QR as a pointer only if natural. Avoid mandatory receipt upload unless clearly warranted.\n- Perceived odds (non-assured value only): hero + visible ladder (instant wins and/or weekly moments) usually outperforms single mega-prize.\n- Retailer ops: zero staff adjudication; ship pre-packed POS; centralise winner comms & fulfilment.\n- Explain-in-5s: staff should pitch in one breath; avoid multi-step or technical terms.\n- Compliance (AU default): RSA/ABAC lines for alcohol; age gate; no consumption cues.\n- Fulfilment: travel prizes need buffers/concierge; publish timelines in T&Cs.\n- KPIs: name ONE primary success metric; align mechanic and value to it.\nUse these guardrails to reduce hassle, improve perceived value/odds where relevant, and de-risk store ops. Prefer simple one-screen flows, central adjudication, and clear staff scripts.\n\nContextual flags:\n- Hassle flag: brief suggests receipt/proof handling. Keep it one-screen and simple; only require uploads if value clearly warrants and OCR is seamless.\n\nRuleFlex: KEEP\nApply guardrails strictly; prefer the simplest compliant path; no novelty for novelty‚Äôs sake.\n\nReminder: recommendations must land store-safe (zero staff burden), keep the hook premium and short.\n\nPRIOR FRAMING (authoritative; do not restate):\nWhere the Demand Is\n\nSpring in Australia is a time of renewal and fresh starts. Consumers are drawn to lighter, indulgent treats as the weather warms up. The frozen dessert market is expanding, with a projected growth rate of 5.4% from 2024 to 2034 (Source: globalinsightservices.com). This growth is driven by a desire for convenient yet premium dessert options. As grocery shopping trends shift towards convenience and indulgence, Wicked Sister is well-positioned to capture attention with its movie-themed promotion.\n\nWho It‚Äôs For & What Stops Them\n\nThe primary audience includes grocery buyers who enjoy treating their families to indulgent desserts. They plan movie nights and share their dessert finds on social media. However, cost-of-living pressures can limit their spending on premium items (Source: retail.org.au). Health-conscious consumers might also hesitate, balancing indulgence with health considerations. These buyers seek value and convenience, making instant win promotions appealing.\n\nCompetitor Map\n\nStreets and Sara Lee are key competitors in the frozen dessert category. Streets maintains a strong presence with classic offerings, while Sara Lee focuses on indulgent, ready-to-serve desserts. Rokeby Farms, with its high-protein products, appeals to health-conscious consumers, potentially diverting attention from more indulgent options (Source: rokebynutrition.com). Wicked Sister's unique movie tie-in and instant win mechanic differentiate it by offering an experiential reward.\n\nBrand Lens (truth, codes to lean/break)\n\nWicked Sister embodies everyday indulgence, aligning with family movie nights through its movie-themed promotions. The brand breaks away from complex entry mechanics and single mega-prizes, focusing instead on instant wins and family rewards. Wicked Sister‚Äôs playful and exciting tone of voice emphasizes the thrill of winning, while its distinctive assets include movie-themed packaging and indulgent dessert messaging.\n\nThe Idea As It Stands\n\nThe current promotion invites consumers to buy two packs of Wicked Sister products for a chance to instantly win a movie ticket. This mechanic encourages multi-pack purchases, driving sales and engagement ahead of the Wicked film release. The instant win format is straightforward, appealing to consumers seeking immediate gratification.\n\nProposition Candidates\n\n1. Indulge in a Wicked Treat\n2. Win Your Movie Night\n3. Instant Movie Magic\n\nHooks (2‚Äì6 words)\n\nWin a Movie Ticket Instantly  \nIndulge and Win  \nMovie Night Magic  \n\nWhat We‚Äôd Lean On\n\nThe instant win mechanic is the promotion's backbone, providing immediate excitement and gratification. The tie-in with the Wicked film adds a layer of thematic engagement, appealing to families planning movie nights. The broad distribution across major retailers like Coles and Woolworths ensures visibility and accessibility.\n\nHypotheses for Evaluation\n\n1. The instant win mechanic will drive higher purchase volume due to its immediate reward.\n2. The movie tie-in will enhance brand engagement, particularly among families planning movie nights.\n3. The promotion will increase brand visibility and shelf presence in major retailers.\n\nEntry/Redemption (from brief): Buy 2 qualifying products, upload receipt\n\nOFFER_IQ (authoritative): verdict=REVIEW; score=4.9; hard_flags=none.\nPRIOR OPINION (authoritative; integrate lightly if still relevant):\nThe spring movie launch for Wicked Sister offers a chance to disrupt the frozen dessert market with a magical twist. This moment aligns perfectly with the upcoming Wicked: For Good film, capturing both the enchantment of cinema and the indulgence of desserts. As the market is set to grow at a 7.77% CAGR, seizing this opportunity can establish Wicked Sister as a category leader (Source: imarcgroup.com). Today, the plan works because it taps into the shopper‚Äôs desire for immediate gratification and shared experiences. The instant win mechanic aligns with the brand‚Äôs playful tone, while the film tie-in adds a layer of thematic magic. Retailers like Coles and Woolworths are primed for promotions that increase basket size without burdening staff (Source: coles.com.au). The cultural timing, with the film‚Äôs release, ensures heightened consumer interest and engagement. To improve, convert single movie tickets to double passes. This change enhances perceived value and emotional engagement, capitalizing on the film‚Äôs shared magic theme. Implement a daily winner cadence to maintain excitement and urgency, using digital channels to announce winners. This approach respects operational constraints and maximizes consumer touchpoints. The Strategist‚Äôs insight shows that a shared reward aligns with the cultural moment, increasing the promotion‚Äôs appeal. Retailers will appreciate the streamlined operations. No additional staff lift is reqred, as the digital-first approach ensures seamless integration. The buy-two mechanic promises increased basket size, defending freezer space against competitors like Streets and Sara Lee. The plan fits within current operational realities, ensuring retailer buy-in and support. To tighten, focus solely on the double pass upgrade. This pragmatic tweak maintains breadth while doubling emotional engagement, without altering store operations. For a stretch, introduce a hero overlay with grand prizes like a lury cinema experience. Fund this from the existing prize budget, adding aspiration without compromising the broad appeal. This bolder move enhances the fame overlay, aligning with the Wicked IP. ‚ÄúWin a Double Pass Instantly‚Äù ‚ÄúPurchase two, upload receipt, and win instantly.‚Äù\nRESEARCH SNAPSHOT (reuse-only; do not fabricate):\n{\"prize_count_observed_total\":0,\"prize_count_common\":[],\"recommendedHeroCount\":3}\nRESEARCH INSIGHTS (cite verbatim when useful):\n- Brand truth: Wicked Sister is leveraging the excitement of the upcoming 'Wicked: For Good' film by launching a limited-edition dessert pot range, aiming to drive consumer engagement through a movie-themed promotion. (insidefmcg.com.au)\n- Brand truth: The brand's promotion offers an instant win mechanic, where purchasing two packs of Wicked Sister products gives consumers a chance to win movie tickets, effectively incentivizing multi-pack purchases. (wickedsisterwin.com.au)\n- Shopper tension: Consumers are increasingly seeking convenience and indulgence, yet face cost-of-living pressures that may limit discretionary spending on premium desserts. (retail.org.au)\n- Shopper tension: While Wicked Sister positions itself as an everyday indulgence, the need to balance health-conscious choices with indulgence may create tension for health-aware consumers. (wickedsister.com.au)\n- Retailer reality: Coles and Woolworths dominate the retail landscape, with exclusive promotions like the Wicked Sister x Wicked campaign running through Woolworths, highlighting the retailer's clout in driving brand visibility. (coles.com.au)\n- Retailer reality: Freezer congestion in major supermarkets can limit shelf space for new product launches, making strategic partnerships with retailers crucial for visibility. (woolworths.com.au)\n\nYou must return ONE JSON object ONLY. No preamble, no markdown, no commentary.\n\nContext:\n- Audience: Australian brand, shopper, and retail stakeholders.\n- Tone: direct, premium, no clich√©s (‚Äúfriction‚Äù, ‚Äúprize ladder‚Äù). Use plain words like ‚Äúhassle‚Äù, ‚Äúchances‚Äù, ‚Äúmix of winners‚Äù, ‚Äúon pack‚Äù, ‚Äúin-store‚Äù, ‚ÄúPOS‚Äù.\n- The composer will turn this JSON into flowing prose; keep fields tight and specific.\n\nRequired top-level fields (all optionality MUST be honoured, but include your best effort):\n{\n  \"stance\": string,                           // strategist stance e.g. \"BALANCED\" | \"BOLD\" | \"CAUTIOUS\"\n  \"brand_position\": string,                   // e.g. \"LEADER\" | \"FOLLOWER\" | \"DISRUPTOR\"\n  \"creative_hook_current\": string | null,     // current line on the work/brief\n  \"creative_hook_better\": string | null,      // your sharper, shorter premium line (2‚Äì6 words) or null\n  \"mechanic\": string | null,                  // one-liner, e.g. \"Buy, scan QR, auto-entry\"\n  \"retailers\": string[] | null,               // names where relevant (e.g. \"Coles\", \"BWS\")\n  \"prizes\": {                                 // how the win feels\n    \"hero\": string | null,                    // e.g. \"Trip for two to Tokyo\"\n    \"hero_count\": number | null,              // integer if known\n    \"hero_value_band\": string | null,         // e.g. \"$5k‚Äì$10k\"\n    \"runner_ups\": string[] | null             // titles or shorthand, can be []\n  },\n  \"friction\": string | null,                  // free text hints re: hassle (e.g. \"receipt upload\", \"one screen\")\n  \"retailer_ops\": {                           // how stores are affected\n    \"staff_explainable\": boolean | null,      // can staff explain it in ~5s?\n    \"stock_risk\": \"low\"|\"medium\"|\"high\"|\"unknown\" | null,\n    \"auditability\": \"low\"|\"medium\"|\"high\"|\"unknown\" | null,\n    \"central_adjudication\": boolean | null    // winners handled centrally (preferred)\n  },\n  \"what_worked\": string[],                    // short observations (1 line each)\n  \"what_didnt\": string[],                     // short observations (1 line each)\n  \"risks\": string[],                          // e.g. \"people drop at proof upload\"\n  \"fixes\": string[],                          // practical changes in plain words\n\n  // Narrative drivers for the composer (use tight, specific lines)\n  \"ferrier_bets\": string[],                   // behavioural bets (cut hassle, habit, social proof, etc.)\n  \"droga_bets\": string[],                     // fame bets (two-word line, talkability, distinctive assets)\n\n  // PromoTrack\n  \"promotrack_applied\": string[],             // play names actually leaned on (use canonical names if provided)\n  \"promotrack_rejected\": string[],            // plays considered then parked (with a 2‚Äì5 word reason appended, if useful)\n\n  // Judgement drives verdict tone in the composer\n  \"judgement\": {\n    \"verdict\": \"GO\" | \"GO_WITH_CONDITIONS\" | \"NO-GO\",\n    \"because\": string                        // one-breath reason, one sentence\n  },\n\n  // Optional rebuild spec. Keep lines short; composer will render.\n  \"rebuild_spec\": {\n    \"hook_line\": string | null,\n    \"hooks\": string[] | null,                 // alternates, short premium lines\n    \"entry_path\": string | null,              // plain, e.g. \"QR ‚Üí one quick mobile screen ‚Üí auto-entry\"\n    \"cadence\": string | null,                 // e.g. \"Weekly prize moments + final hero\"\n    \"ladder\": any | null,                     // ignore structure; composer will describe as ‚Äúmix of winners‚Äù\n    \"fulfilment\": string | null,              // how winners are handled; keep stores out\n    \"compliance_line\": string | null,         // RSA/ABAC or standard guardrails\n    \"staff_script\": string | null             // 5-second in-store script\n  },\n\n  // Optionally propose one or more bolder takes (rule-bending)\n  \"bold_variants\": [\n    {\n      \"name\": string | null,                  // e.g. \"Two-word fame line + instant-win wall\"\n      \"idea\": string | null,\n      \"hypothesis\": string | null,\n      \"risks\": string[] | null,\n      \"mitigations\": string[] | null,\n      \"measures\": string[] | null,            // how we‚Äôll judge it (metrics/observables)\n      \"exit\": string | null                   // when to pull the pin\n    }\n  ]\n}\n\n// Rules:\n- Keep strings concise. Prefer one sentence per item.\n- Stay Australian in wording. Avoid buzzwords where a plain phrase works.\n- If a field is unknown, set it to null or [] as appropriate.\n- Do not output headings, markdown, or commentary ‚Äî return JSON only.\n\n// Example (illustrative only):\n{\n  \"stance\": \"BALANCED\",\n  \"brand_position\": \"FOLLOWER\",\n  \"creative_hook_current\": \"Win the ultimate summer escape\",\n  \"creative_hook_better\": \"Own Your Summer\",\n  \"mechanic\": \"Buy any 2, scan the QR, auto-entry\",\n  \"retailers\": [\"Coles\", \"Woolworths\"],\n  \"prizes\": {\n    \"hero\": \"Beach house weekender\",\n    \"hero_count\": 3,\n    \"hero_value_band\": \"$5k‚Äì$10k\",\n    \"runner_ups\": [\"$100 gift cards\", \"Cooler bags\"]\n  },\n  \"friction\": \"Receipt upload mentioned; prefer one quick mobile screen\",\n  \"retailer_ops\": {\n    \"staff_explainable\": true,\n    \"stock_risk\": \"low\",\n    \"auditability\": \"high\",\n    \"central_adjudication\": true\n  },\n  \"what_worked\": [\"Seasonal timing is spot on\", \"Brand assets are recognisable on pack\"],\n  \"what_didnt\": [\"Line is long and functional\", \"Chances feel thin without more winners\"],\n  \"risks\": [\"People will bail at proof step\", \"Travel fulfilment can drag if unclear\"],\n  \"fixes\": [\"Lose proof upload\", \"Add instant wins and weekly draws\", \"Publish total number of winners\"],\n\n  \"ferrier_bets\": [\"Cut the hassle to one clear mobile action\", \"Show a weekly rhythm so there‚Äôs a reason to come back\"],\n  \"droga_bets\": [\"Two-word fame line on pack\", \"Make the moment worth filming\"],\n\n  \"promotrack_applied\": [\"Weekly micro-win cadence\", \"Central adjudication\", \"Pre-packed POS kits\"],\n  \"promotrack_rejected\": [\"Price-off lookalike ‚Äî wrong signal\", \"Receipt upload ‚Äî too much hassle\"],\n\n  \"judgement\": { \"verdict\": \"GO_WITH_CONDITIONS\", \"because\": \"Great seasonal frame; tighten the line and make entry fast, with more visible winners.\" },\n\n  \"rebuild_spec\": {\n    \"hook_line\": \"Own Your Summer\",\n    \"hooks\": [\"Own Your Summer\", \"Make Summer Yours\"],\n    \"entry_path\": \"QR ‚Üí one quick mobile screen ‚Üí auto-entry\",\n    \"cadence\": \"Weekly prize moments plus a final hero\",\n    \"ladder\": {},\n    \"fulfilment\": \"Winners contacted centrally; no store adjudication\",\n    \"compliance_line\": \"Standard trade promo; if alcohol present, age gate and no consumption cues\",\n    \"staff_script\": \"Scan the QR on the pack and you‚Äôre in ‚Äî takes 20 seconds.\"\n  },\n\n  \"bold_variants\": [\n    {\n      \"name\": \"Two-word fame line + instant-win wall\",\n      \"idea\": \"A physical POS wall where packs light up instant wins when scanned\",\n      \"hypothesis\": \"In-store theatre drives talkability and repeat\",\n      \"risks\": [\"Operational set-up\", \"POS maintenance\"],\n      \"mitigations\": [\"Pilot in top 20 stores\", \"Dedicated merch support\"],\n      \"measures\": [\"Scan rate per store\", \"Repeat scans per shopper\", \"Lift vs control banners\"],\n      \"exit\": \"If scan rate <50/day after week one, roll back to static POS\"\n    }\n  ]\n}\n\nAdditions:\n- hook_why_change: string (what exactly is wrong with the *current* hook).\n- symbolism: string[] (‚â§5) if a clear cultural/national bridge exists.\n- proposition_hint: string if a tight commercial line is clear.\n- trade_priority: \"HIGH\"|\"LOW\". If trade truly matters here, set \"trade_priority\":\"HIGH\" and return \"trade_table\" (‚â§6 rows) with:\n[{ \"barrier\": \"...\", \"incentive\": \"...\", \"how_to_run\": \"...\", \"guardrail\": \"...\"? }].\nIf trade is not material, set \"trade_priority\":\"LOW\" and omit \"trade_table\".\nRules:\n- Do NOT invent retailer names or numbers.\n- If a value is unknown, use null or [].\n- Tie WHY/FIX statements to this campaign‚Äôs facts wherever possible.\n- Do NOT recommend cashback unless it already appears in BRIEF.\n- Return ONLY a valid JSON object.",
          "opinion_prompt": "Campaign: Wicked Sister ‚Äî Spring Movie Launch (Client: Wicked Sister)\nMarket: AU | Category: Frozen Desserts | Mode: FORWARD\nAssuredMode: NON_ASSURED\nVerdict to uphold: NO-GO\nPrize mode: BREADTH/CADENCE (no hero).\nFacts:\nBrand: Wicked Sister | Client: Wicked Sister | Hook: Win a Movie Ticket Instantly | Mechanic: Buy 2 products, upload receipts and discover instantly if you‚Äôve scored a movie ticket. | Promotion: INSTANT_WIN | Retailers: Coles, Woolworths, ALDI, IGA, 7-Eleven | Calendar: Spring | IP tie-in (licensed): Wicked ‚Äî For Good ‚Äî type: FILM ‚Äî window: November 2025 | Orientation: LIVE | RuleFlex: KEEP | Mode: FORWARD (future/in-flight) | Breadth/cadence winners present: ~2010.\nGuidance: Entry friction already approved ‚Äî keep mechanics as briefed.\nGuidance: Hero overlay encouraged ‚Äî tie fame to Wicked IP.\nOperational guardrails: Store teams have zero capacity ‚Äî no staff-run announcements, kiosks, or manual verification. Prize pool is fixed at 2010 passes; if you explore double passes, make clear the winner count drops to ~1005 on the same spend. Keep cadence visible through consumer-facing messaging (pack, digital, social), not store labour. Never suggest staff-run amplification, kiosks, or in-store terminals ‚Äî execution must run on consumer comms and zero additional store labour.\nBriefed entry mechanic: Buy 2 qualifying products, upload receipt. Keep the plan anchored in this flow.\nResearch hints:\nBrand truth: Wicked Sister is leveraging the excitement of the upcoming 'Wicked: For Good' film by launching a limited-edition dessert pot range, aiming to drive consumer engagement through a movie-themed promotion. (insidefmcg.com.au) | Brand truth: The brand's promotion offers an instant win mechanic, where purchasing two packs of Wicked Sister products gives consumers a chance to win movie tickets, effectively incentivizing multi-pack purchases. (wickedsisterwin.com.au) | Shopper tension: Consumers are increasingly seeking convenience and indulgence, yet face cost-of-living pressures that may limit discretionary spending on premium desserts. (retail.org.au) | Shopper tension: While Wicked Sister positions itself as an everyday indulgence, the need to balance health-conscious choices with indulgence may create tension for health-aware consumers. (wickedsister.com.au) | Retailer reality: Coles and Woolworths dominate the retail landscape, with exclusive promotions like the Wicked Sister x Wicked campaign running through Woolworths, highlighting the retailer's clout in driving brand visibility. (coles.com.au) | Retailer reality: Freezer congestion in major supermarkets can limit shelf space for new product launches, making strategic partnerships with retailers crucial for visibility. (woolworths.com.au) Recommended hero-prize count: 3 (perceived odds; invest remainder into breadth/instants). Double-pass scenario would deliver ~1005 winners on the same 2010 tickets.\nFraming (authoritative; do not restate, use to inform tone):\nWhere the Demand Is\n\nSpring in Australia is a time of renewal and fresh starts. Consumers are drawn to lighter, indulgent treats as the weather warms up. The frozen dessert market is expanding, with a projected growth rate of 5.4% from 2024 to 2034 (Source: globalinsightservices.com). This growth is driven by a desire for convenient yet premium dessert options. As grocery shopping trends shift towards convenience and indulgence, Wicked Sister is well-positioned to capture attention with its movie-themed promotion.\n\nWho It‚Äôs For & What Stops Them\n\nThe primary audience includes grocery buyers who enjoy treating their families to indulgent desserts. They plan movie nights and share their dessert finds on social media. However, cost-of-living pressures can limit their spending on premium items (Source: retail.org.au). Health-conscious consumers might also hesitate, balancing indulgence with health considerations. These buyers seek value and convenience, making instant win promotions appealing.\n\nCompetitor Map\n\nStreets and Sara Lee are key competitors in the frozen dessert category. Streets maintains a strong presence with classic offerings, while Sara Lee focuses on indulgent, ready-to-serve desserts. Rokeby Farms, with its high-protein products, appeals to health-conscious consumers, potentially diverting attention from more indulgent options (Source: rokebynutrition.com). Wicked Sister's unique movie tie-in and instant win mechanic differentiate it by offering an experiential reward.\n\nBrand Lens (truth, codes to lean/break)\n\nWicked Sister embodies everyday indulgence, aligning with family movie nights through its movie-themed promotions. The brand breaks away from complex entry mechanics and single mega-prizes, focusing instead on instant wins and family rewards. Wicked Sister‚Äôs playful and exciting tone of voice emphasizes the thrill of winning, while its distinctive assets include movie-themed packaging and indulgent dessert messaging.\n\nThe Idea As It Stands\n\nThe current promotion invites consumers to buy two packs of Wicked Sister products for a chance to instantly win a movie ticket. This mechanic encourages multi-pack purchases, driving sales and engagement ahead of the Wicked film release. The instant win format is straightforward, appealing to consumers seeking immediate gratification.\n\nProposition Candidates\n\n1. Indulge in a Wicked Treat\n2. Win Your Movie Night\n3. Instant Movie Magic\n\nHooks (2‚Äì6 words)\n\nWin a Movie Ticket Instantly  \nIndulge and Win  \nMovie Night Magic  \n\nWhat We‚Äôd Lean On\n\nThe instant win mechanic is the promotion's backbone, providing immediate excitement and gratification. The tie-in with the Wicked film adds a layer of thematic engagement, appealing to families planning movie nights. The broad distribution across major retailers like Coles and Woolworths ensures visibility and accessibility.\n\nHypotheses for Evaluation\n\n1. The instant win mechanic will drive higher purchase volume due to its immediate reward.\n2. The movie tie-in will enhance brand engagement, particularly among families planning movie nights.\n3. The promotion will increase brand visibility and shelf presence in major retailers.\n\nEntry/Redemption (from brief): Buy 2 qualifying products, upload receipt\n\nOFFER_IQ (authoritative): verdict=REVIEW; score=4.9; hard_flags=none.\nEvaluator JSON (authoritative fields; use to reason, not to quote):\n{\"hookLine\":\"Double the Movie Magic\",\"mechLine\":\"Buy 2 products, upload receipt, win instantly\",\"symbolism\":[\"Family movie nights\",\"Spring renewal\",\"Cinema magic\"],\"proposition_hint\":\"Enhance shared experiences with double passes.\",\"trade_priority\":\"HIGH\",\"trade_table\":[],\"when_reflective\":false,\"run_again_moves\":[],\"majorPrizeOverlay\":null,\"cashbackHeadline\":null,\"cashbackBanded\":false,\"prizePresence\":\"BREADTH_ONLY\"}\nHook candidates (draw from these; keep any ‚Äúdouble pass‚Äù promise intact):\n- double the movie magic\n- movie night for two ‚Äî 1,000 double passes.\n- two desserts. two seats. every hour.\n- dessert doubles your tickets.\n- upload & share the cinema night.\nWrite a concise evaluation using this exact template. Keep each section to two sentences or fewer unless noted.\nVerdict ‚Äî one sentence that names the judgement and the cultural/commercial why.\nWhy it works ‚Äî max two sentences tying brand truth, shopper tension, and timing.\nWhere it breaks ‚Äî max two sentences naming the hardest flaws.\nFix it ‚Äî max two sentences with the concrete plan to repair those flaws.\nRetailer reality ‚Äî max two sentences showing the buyer why this earns easy range with zero staff lift.\nIf you recommend turning single tickets into double passes, state plainly that the winner count halves while perceived value doubles; never imply winner count stays flat.\nTighten ‚Äî one sentence: the pragmatic tweak we ship now.\nStretch ‚Äî one sentence: the bolder, still store-safe move.\nHook upgrade ‚Äî one sentence that states why the current hook (‚ÄúDouble the Movie Magic‚Äù) fails and what the stronger angle is.\nHook shortlist ‚Äî list exactly five lines starting with \"- \" that evolve the candidates above. Each hook must reinforce the shared double-pass promise or instant win clarity; avoid inventing unrelated slogans.\nMeasurement ‚Äî one sentence naming the single metric watched first.\nPack line ‚Äî provide a 2‚Äì6 word line in quotes.\nStaff line ‚Äî provide a ‚â§5 second staff script in quotes.\nRules: no other headings, no extra bullets, no filler. Cite sources inline (‚ÄúSource: ‚Ä¶‚Äù) whenever you quote data.",
          "diag_raw": "{\n  \"stance\": \"BOLD\",\n  \"brand_position\": \"DISRUPTOR\",\n  \"creative_hook_current\": \"Win a Movie Ticket Instantly\",\n  \"creative_hook_better\": \"Double the Movie Magic\",\n  \"mechanic\": \"Buy 2 products, upload receipt, win instantly\",\n  \"retailers\": [\"Coles\", \"Woolworths\", \"ALDI\", \"IGA\", \"7-Eleven\"],\n  \"prizes\": {\n    \"hero\": null,\n    \"hero_count\": null,\n    \"hero_value_band\": null,\n    \"runner_ups\": [\"Movie tickets\", \"Double passes\"]\n  },\n  \"friction\": \"Receipt upload required; streamline with one-screen entry\",\n  \"retailer_ops\": {\n    \"staff_explainable\": true,\n    \"stock_risk\": \"low\",\n    \"auditability\": \"high\",\n    \"central_adjudication\": true\n  },\n  \"what_worked\": [\"Instant win mechanic for immediate engagement\", \"Wicked film tie-in aligns with brand\"],\n  \"what_didnt\": [\"Single ticket feels low value\", \"Receipt upload adds unnecessary hassle\"],\n  \"risks\": [\"Drop-off at receipt upload step\"],\n  \"fixes\": [\"Switch to double passes for better perceived value\", \"Simplify to one-screen entry without upload\"],\n  \"ferrier_bets\": [\"Cut hassle with one-step mobile entry\", \"Increase perceived value with double passes\"],\n  \"droga_bets\": [\"Two-word fame line\", \"Align with Wicked film's magic\"],\n  \"promotrack_applied\": [\"Central adjudication\", \"Pre-packed POS kits\"],\n  \"promotrack_rejected\": [\"Receipt upload ‚Äî too much hassle\"],\n  \"judgement\": {\n    \"verdict\": \"GO_WITH_CONDITIONS\",\n    \"because\": \"Simplifying entry and increasing prize value will enhance appeal and engagement.\"\n  },\n  \"rebuild_spec\": {\n    \"hook_line\": \"Double the Movie Magic\",\n    \"hooks\": [\"Double the Movie Magic\", \"Instant Double Delight\"],\n    \"entry_path\": \"One quick mobile screen ‚Üí auto-entry\",\n    \"cadence\": \"Daily instant wins\",\n    \"ladder\": {},\n    \"fulfilment\": \"Winners contacted centrally; no store adjudication\",\n    \"compliance_line\": \"Standard trade promo; no consumption cues\",\n    \"staff_script\": \"Buy two, scan, and win a double pass instantly.\"\n  },\n  \"bold_variants\": [\n    {\n      \"name\": \"Instant-win wall\",\n      \"idea\": \"Physical POS wall where packs light up instant wins when scanned\",\n      \"hypothesis\": \"In-store theatre drives talkability and repeat\",\n      \"risks\": [\"Operational set-up\", \"POS maintenance\"],\n      \"mitigations\": [\"Pilot in top 20 stores\", \"Dedicated merch support\"],\n      \"measures\": [\"Scan rate per store\", \"Repeat scans per shopper\"],\n      \"exit\": \"If scan rate <50/day after week one, roll back to static POS\"\n    }\n  ],\n  \"hook_why_change\": \"Single ticket lacks emotional pull; double passes enhance shared experience.\",\n  \"symbolism\": [\"Family movie nights\", \"Spring renewal\", \"Cinema magic\"],\n  \"proposition_hint\": \"Enhance shared experiences with double passes.\",\n  \"trade_priority\": \"LOW\"\n}",
          "guards": {
            "forbidHeroPrize": false,
            "breadthOnly": true,
            "breadthCount": 2010,
            "reusedResearch": true
          }
        },
        "kind": "eval-prose-au",
        "codeVersion": "v4-eval-prose-au-locked",
        "symbolism": [
          "Family movie nights",
          "Spring renewal",
          "Cinema magic"
        ],
        "proposition_hint": "Enhance shared experiences with double passes.",
        "hook_why_change": "Single ticket lacks emotional pull; double passes enhance shared experience.",
        "when_reflective": false,
        "run_again_moves": [],
        "hooksRecommended": [
          "double the movie magic",
          "movie night for two ‚Äî 1,000 double passes.",
          "two desserts. two seats. every hour.",
          "dessert doubles your tickets.",
          "upload & share the cinema night."
        ],
        "ideationHarness": null
      },
      "params": {
        "stance": "BOLD",
        "model": {
          "json": "gpt-4o",
          "prose": "gpt-4o"
        },
        "temp": {
          "json": 0.55,
          "prose": 0.95
        },
        "scoreboard": {
          "objectiveFit": {
            "status": "AMBER",
            "why": "Objective not crisply named or spread across too many aims.",
            "fix": "Change-from: diffuse aims. ‚Üí Change-to: one KPI (e.g., +8‚Äì12% ROS) and shape comms/value to it."
          },
          "hookStrength": {
            "status": "AMBER",
            "why": "Hook exists (‚ÄúWin a Movie Ticket Instantly‚Äù) but needs tightening and brand-locking; a sharper variant is proposed (‚ÄúDouble the Movie Magic‚Äù).",
            "fix": "Change-from: long/soft hook (‚ÄúWin a Movie Ticket Instantly‚Äù). ‚Üí Change-to: 2‚Äì6 words, brand-locked, used on pack and the first screen."
          },
          "mechanicFit": {
            "status": "GREEN",
            "why": "Mechanic defined: Buy 2 products, upload receipt, win instantly."
          },
          "frequencyPotential": {
            "status": "AMBER",
            "why": "Repeat rhythm not explicit for this format.",
            "fix": "Change-from: one-off entry. ‚Üí Change-to: light weekly moment + bonus entries at 2 and 4 units."
          },
          "friction": {
            "status": "RED",
            "why": "Entry is genuinely onerous (mail-in or multi-proof at first step). This will suppress trial.",
            "fix": "Remove mail-in / first-step proof / multi-upload. Make first touch minimal; shift verification post-entry."
          },
          "rewardShape": {
            "status": "AMBER",
            "why": "Expected buyers/entries not provided; adequacy judged via cadence and visibility. Requires: Provide expected buyers/entries (range).",
            "fix": "Publish ‚ÄúTotal winners‚Äù, clarify cadence, and provide expected buyers/entries for a firmer read."
          },
          "retailerReadiness": {
            "status": "AMBER",
            "why": "Retailers named (Coles, Woolworths, ALDI, IGA, 7-Eleven). Keep staff workload near zero.",
            "fix": "Change-from: loose POS (Coles, Woolworths, ALDI, IGA, 7-Eleven). ‚Üí Change-to: pre-packed POS kits; no staff adjudication; central processing."
          },
          "complianceRisk": {
            "status": "GREEN",
            "why": "Standard trade promo guardrails."
          },
          "fulfilment": {
            "status": "GREEN",
            "why": "Central fulfilment looks straightforward."
          },
          "kpiRealism": {
            "status": "AMBER",
            "why": "Entry band not named; prize/media not back-solved to that range.",
            "fix": "Change-from: no entry band. ‚Üí Change-to: set range, back-solve media and ops to it."
          },
          "decision": "NO-GO",
          "conditions": "Make breadth/cadence visible; consider pairing single-admit rewards; publish ‚ÄúTotal winners‚Äù; confirm POS. Provide: Provide expected buyers/entries (range).. Remove mail-in / first-step proof / multi-upload. Make first touch minimal; shift verification post-entry. Change-from: diffuse aims. ‚Üí Change-to: one KPI (e.g., +8‚Äì12% ROS) and shape comms/value to it. Change-from: long/soft hook (‚ÄúWin a Movie Ticket Instantly‚Äù). ‚Üí Change-to: 2‚Äì6 words, brand-locked, used on pack and the first screen. Change-from: one-off entry. ‚Üí Change-to: light weekly moment + bonus entries at 2 and 4 units. Change-from: loose POS (Coles, Woolworths, ALDI, IGA, 7-Eleven). ‚Üí Change-to: pre-packed POS kits; no staff adjudication; central processing. Change-from: no entry band. ‚Üí Change-to: set range, back-solve media and ops to it. Asks: Provide expected buyers/entries (range).."
        },
        "ruleFlex": "KEEP",
        "ui": {
          "hook": "Double the Movie Magic",
          "hookOptions": [
            "double the movie magic",
            "movie night for two ‚Äî 1,000 double passes.",
            "two desserts. two seats. every hour.",
            "dessert doubles your tickets.",
            "upload & share the cinema night."
          ],
          "mechanic": "Buy 2 products, upload receipt, win instantly",
          "verdict": "NO-GO",
          "atAGlance": [
            {
              "key": "objectiveFit",
              "label": "Objective fit",
              "status": "AMBER",
              "why": "Objective not crisply named or spread across too many aims.",
              "fix": "Change-from: diffuse aims. ‚Üí Change-to: one KPI (e.g., +8‚Äì12% ROS) and shape comms/value to it."
            },
            {
              "key": "hookStrength",
              "label": "Hook strength",
              "status": "AMBER",
              "why": "Hook exists (‚ÄúWin a Movie Ticket Instantly‚Äù) but needs tightening and brand-locking; a sharper variant is proposed (‚ÄúDouble the Movie Magic‚Äù).",
              "fix": "Change-from: long/soft hook (‚ÄúWin a Movie Ticket Instantly‚Äù). ‚Üí Change-to: 2‚Äì6 words, brand-locked, used on pack and the first screen."
            },
            {
              "key": "mechanicFit",
              "label": "Entry mechanic",
              "status": "GREEN",
              "why": "Mechanic defined: Buy 2 products, upload receipt, win instantly."
            },
            {
              "key": "frequencyPotential",
              "label": "Repeat potential",
              "status": "AMBER",
              "why": "Repeat rhythm not explicit for this format.",
              "fix": "Change-from: one-off entry. ‚Üí Change-to: light weekly moment + bonus entries at 2 and 4 units."
            },
            {
              "key": "friction",
              "label": "Hassle to enter",
              "status": "RED",
              "why": "Entry is genuinely onerous (mail-in or multi-proof at first step). This will suppress trial.",
              "fix": "Remove mail-in / first-step proof / multi-upload. Make first touch minimal; shift verification post-entry."
            },
            {
              "key": "rewardShape",
              "label": "How the value feels",
              "status": "AMBER",
              "why": "Expected buyers/entries not provided; adequacy judged via cadence and visibility. Requires: Provide expected buyers/entries (range).",
              "fix": "Publish ‚ÄúTotal winners‚Äù, clarify cadence, and provide expected buyers/entries for a firmer read."
            },
            {
              "key": "retailerReadiness",
              "label": "Retailer readiness",
              "status": "AMBER",
              "why": "Retailers named (Coles, Woolworths, ALDI, IGA, 7-Eleven). Keep staff workload near zero.",
              "fix": "Change-from: loose POS (Coles, Woolworths, ALDI, IGA, 7-Eleven). ‚Üí Change-to: pre-packed POS kits; no staff adjudication; central processing."
            },
            {
              "key": "complianceRisk",
              "label": "Compliance risk",
              "status": "GREEN",
              "why": "Standard trade promo guardrails."
            },
            {
              "key": "fulfilment",
              "label": "Fulfilment",
              "status": "GREEN",
              "why": "Central fulfilment looks straightforward."
            },
            {
              "key": "kpiRealism",
              "label": "KPI realism",
              "status": "AMBER",
              "why": "Entry band not named; prize/media not back-solved to that range.",
              "fix": "Change-from: no entry band. ‚Üí Change-to: set range, back-solve media and ops to it."
            }
          ],
          "trade": {
            "priority": "LOW",
            "table": []
          },
          "reflective": false,
          "hideScoreboard": true,
          "assuredValue": false,
          "offerIQ": {
            "score": 4.8,
            "verdict": "REVIEW",
            "confidence": 0.5,
            "lenses": {
              "adequacy": {
                "score": 4.5,
                "why": "Expected buyers/entries not provided; adequacy judged via cadence and visibility.",
                "fix": "Add: expected buyers/entries and total winners, or show ‚ÄúTotal winners‚Äù and cadence in communications."
              },
              "simplicity": {
                "score": 6.5,
                "why": "Some admin implied (fields/proof or wait time).",
                "fix": "Keep claim one-screen; limit fields; good OCR; publish timelines."
              },
              "certainty": {
                "score": 3.7,
                "why": "Perceived odds unclear; cadence thin.",
                "fix": "Show cadence and ‚ÄúTotal winners‚Äù; avoid fine print that hides odds."
              },
              "salience": {
                "score": 4,
                "why": "Needs a visible moment or total-winners headline.",
                "fix": "Publish ‚ÄúTotal winners‚Äù and name the cadence; add a bold moment line."
              },
              "talkability": {
                "score": 5,
                "why": "Seasonal hook helps.",
                "fix": "Add a brand-right experiential or symbolic angle."
              },
              "retailerFit": {
                "score": 6,
                "why": "Ensure any adjudication is central; ship pre-packed POS.",
                "fix": "Keep staff script ‚â§5s; no in-store adjudication."
              },
              "brandFit": {
                "score": 5,
                "why": "Feels generic; weak brand lock.",
                "fix": "Lock line and visuals to distinctive assets and the brand‚Äôs functional truth."
              }
            },
            "hardFlags": [],
            "recommendations": [
              "Add: expected buyers/entries and total winners, or show ‚ÄúTotal winners‚Äù and cadence in communications.",
              "Keep claim one-screen; limit fields; good OCR; publish timelines.",
              "Publish ‚ÄúTotal winners‚Äù and name the cadence; add a bold moment line.",
              "Publish ‚ÄúTotal winners‚Äù and show cadence prominently.",
              "Add visible cadence (instant or weekly) to match in-market fairness signals."
            ],
            "asks": [
              "Provide expected buyers/entries (range)."
            ],
            "mode": "PRIZE",
            "diagnostics": {
              "valueAmount": 0,
              "aspAnchor": 100,
              "expectedBuyers": null,
              "totalWinners": 2010,
              "coverageRate": null,
              "cadenceSignals": false,
              "symbolicSignals": false,
              "headlineMax": 0,
              "banded": false,
              "overlay": false,
              "overlayExperiential": false,
              "overlayLabel": "",
              "researchBenchmarks": {
                "heroPrize": {
                  "median": 35.5,
                  "mode": 1
                },
                "cadenceShare": {
                  "instant": 0.3529411764705883,
                  "weekly": 0.2352941176470588,
                  "daily": 0.4117647058823529
                },
                "manyWinnersShare": 0,
                "prizeCountsObserved": {
                  "total": 10,
                  "common": [
                    {
                      "count": 1,
                      "share": 0.2
                    },
                    {
                      "count": 150,
                      "share": 0.2
                    },
                    {
                      "count": 3,
                      "share": 0.1
                    }
                  ]
                },
                "recommendedHeroCount": 3,
                "positionVsMarket": "UNKNOWN"
              },
              "cashbackVsMarket": "UNKNOWN",
              "heroVsMarket": "UNKNOWN"
            }
          },
          "research": {
            "brand": {
              "query": "The Wicked Sisters",
              "summary": "The Wicked Sisters is a Russian fairy tale collected by Alexander Afanasyev in Narodnye russkie skazki.",
              "facts": [
                {
                  "claim": "Wicked Sister x Wicked ‚Äî Purchase any two packs of Wicked Sister Products for your chance to instantly win a movie ticket!",
                  "source": "Source: wickedsisterwin.com.au (https://wickedsisterwin.com.au/)"
                },
                {
                  "claim": "FAQs - Wicked Sister x Wicked ‚Äî Buy any 2 packs of Wicked Sister products in one transaction from a Woolworths store during the Woolworths Exclusive promotion period. Then go ...",
                  "source": "Source: wickedsisterwin.com.au (https://wickedsisterwin.com.au/faq)"
                },
                {
                  "claim": "Wicked Sister: Home Page ‚Äî Enjoy wickedly delicious desserts designed for everyday indulgence by Wicked Sister. Explore our wicked range, try recipes and find stockists here.",
                  "source": "Source: wickedsister.com.au (https://www.wickedsister.com.au/)"
                }
              ]
            },
            "audience": {
              "notes": "Primary grocery buyers ‚Ä¢ They reward the family with purposeful treats that feel magical but still practical. ‚Ä¢ Plans movie nights, shares dessert finds on social, responds to retailer app notifications.",
              "facts": [
                {
                  "claim": "Wicked Sister goes 'For Good' with new Wicked-inspired ... ‚Äî Chilled dessert brand Wicked Sister has launched limited-edition dessert pots inspired by Wicked: For Good film set to premiere next month.",
                  "source": "Source: insidefmcg.com.au (https://insidefmcg.com.au/2025/10/13/wicked-sister-goes-for-good-with-new-wicked-inspired-desserts/)"
                },
                {
                  "claim": "Paul Polly from Wicked Sister | Determined to succeed ‚Äî This is the story of Paul Polly and Wicked Sister desserts. Learn how he went from one pot to a $12 million factory.",
                  "source": "Source: nab.com.au (https://www.nab.com.au/business/small-business/moments/business-progress/wickedsister)"
                },
                {
                  "claim": "Wicked Sister bulks up protein pudding pack size ‚Äî With 15 grams of protein per serving and available in chocolate, strawberry, banana, along with a new vanilla flavour, these join the wider 170 ...",
                  "source": "Source: foodanddrinkbusiness.com.au (https://www.foodanddrinkbusiness.com.au/new-in-store/wicked-sister-bulks-up-protein-pudding-pack-size)"
                }
              ]
            },
            "category": {
              "query": "Frozen dessert",
              "summary": "Frozen dessert is a dessert made by freezing liquids, semi-solids, and sometimes solids. They may be based on flavored water, on fruit pur√©es, on milk and cream, on custard, on mousse (semifreddo), and others. It is sometimes sold as ice-cream in South Asia and other countries.",
              "facts": [
                {
                  "claim": "Frozen dessert is a dessert made by freezing liquids, semi-solids, and sometimes solids. They may be based on flavored water, on fruit pur√©es, on milk and cream, on custard, on mousse (semifreddo), and others. It is sometimes sold as ice-cream in South Asia and other countries.",
                  "source": "Source: Wikipedia ‚Äî Frozen dessert (https://en.wikipedia.org/wiki/Frozen%20dessert)"
                },
                {
                  "claim": "Australia Ice Cream Market Share, Growth & Forecast 2030 ‚Äî The Australia Ice Cream Market is projected to witness a CAGR of 2.95% for the forecast period between 2023 and 2030.",
                  "source": "Source: marketsandata.com (https://www.marketsandata.com/industry-reports/australia-ice-cream-market)"
                },
                {
                  "claim": "Australia Ice Cream Market Share, Size, Growth Report ‚Äî The Australia ice cream market, valued at AUD 1407.35 million in 2024, is projected to grow at 1.51% CAGR, reaching AUD 1634.90 million by 2034.",
                  "source": "Source: expertmarketresearch.com.au (https://www.expertmarketresearch.com.au/reports/australia-ice-cream-market)"
                },
                {
                  "claim": "Frozen Desserts Market Size, Growth, Trends and Forecast ‚Äî Frozen Desserts Market is anticipated to expand from $112.9 billion in 2024 to $191.5 billion by 2034, growing at a CAGR of approximately 5.4%.",
                  "source": "Source: globalinsightservices.com (https://www.globalinsightservices.com/reports/frozen-desserts-market/)"
                },
                {
                  "claim": "Frozen Desserts ‚Äî Frozen Desserts ; $9.00. $2.40 / 100G. Sara Lee Chocolate Swirl Bavarian 375g. Promoted ; $7.20. $9.00 $2.00 / 100G. Sara Lee French Cream Cheesecake 360g. 4.5 / ...Read more",
                  "source": "Source: woolworths.com.au (https://www.woolworths.com.au/shop/browse/freezer/frozen-desserts?srsltid=AfmBOor978BnhC9QQ7V61ixEDkNXooZBKeO_izpimvDYa_XMaM_pK2PV)"
                },
                {
                  "claim": "Ice Cream Specials & Offers ‚Äî SAVE $1.90. $7.60. $9.50 $0.76 / 100ML. Sanitarium So Good Vanilla Bliss Frozen Dessert 1L. Add to cart. Save to list. 20% Off. SAVE $3.00. $12.00. $15.00 $2.53 ...Read more",
                  "source": "Source: woolworths.com.au (https://www.woolworths.com.au/shop/browse/freezer/ice-cream/ice-cream-specials?srsltid=AfmBOopklJhi7Q-ODSy445CW1x4bWiwbCJfR-Bf19Nz6h5iPuw5p1RoP)"
                }
              ]
            },
            "competitors": {
              "names": [
                "Rokeby Farms",
                "Priestley‚Äôs Gourmet Delights",
                "Jillian's Cakery",
                "Belle Fleur",
                "Beak & Johnston",
                "Carman's",
                "Pauls PLUS+",
                "Chobani",
                "Sara Lee",
                "Streets",
                "Ferrero Australia",
                "Gelatissimo"
              ],
              "facts": [
                {
                  "claim": "Brief competitor: Streets",
                  "source": "Source: brief"
                },
                {
                  "claim": "Rokeby Farms Chocolate Protein Smoothie 6 x 425ml ‚Äî Rokeby Farms Chocolate Protein Smoothie 6 x 425ml is a protein drink providing all 9 essential amino acids while providing sustained energy and fullness.",
                  "source": "Source: costco.com.au (https://www.costco.com.au/Business-Delivery/Beverages/Other-Drinks/Rokeby-Farms-Chocolate-Protein-Smoothie-6-x-425ml/p/163543_BD)"
                },
                {
                  "claim": "Rokeby Farms ‚Äî All Rokeby Farms products are now available with Subscribe & Save ¬∑ Enjoy 5% off on every recurring order!",
                  "source": "Source: bulkeatswarehouse.com.au (https://bulkeatswarehouse.com.au/collections/rokeby-farms?srsltid=AfmBOor6oarDx_IPDf159c9EL9eQwXX8n14gx1vpjMrGlr10qZ4zQgwm)"
                },
                {
                  "claim": "Rokeby Nutrition ‚Äî Rokeby is a nutrition food company based in Melbourne. We make a range of award-winning dairy products to enjoy as part of a healthy lifestyle.",
                  "source": "Source: rokebynutrition.com (https://rokebynutrition.com/)"
                },
                {
                  "claim": "ROKEBY FARM Archives ‚Äî ROKEBY FARM offers Bold Brew drinks in flavors like Double Shot, Iced Mocha, and Iced Latte, and Protein Smoothies in flavors like Banana Honey & Cinnamon, ...",
                  "source": "Source: coast2coastdistributors.com.au (https://coast2coastdistributors.com.au/product-category/alternate-flavoured-milks/rokeby-farm-alternate-flavoured-milks/)"
                },
                {
                  "claim": "Shop Rokeby Products Online ‚Äî Shop your way at Coles. Our range of Rokeby products at everyday low prices you know and trust. Shop online and get home delivery or ...",
                  "source": "Source: coles.com.au (https://www.coles.com.au/brands/rokeby-811816065?srsltid=AfmBOop9dnVgblMzb0AKajWg_OilDB9BIOzgQmQXynZr2Vt3zHlm3A-e)"
                },
                {
                  "claim": "Rokeby Farms Protein Smoothie - Dutch Chocolate ‚Äî $4.95. Rokeby Farms Whole Protein Smoothie! Loaded with real cocoa for natural chocolate goodness. Ingredients: Filtered low fat milk, cane sugar, cream, dutch ...",
                  "source": "Source: athletesnutrition.com.au (https://athletesnutrition.com.au/products/copy-of-rokeby-farms-protein-smoothie-banana-honey-cinnamon?srsltid=AfmBOopwuArEAMTQsdUswAhgf4qe8xQLZ0MEHrJwVeh5quVK1ZxLYReF)"
                },
                {
                  "claim": "üéâüéâ COMPETITION: To share some smoothie love we are ... ‚Äî COMPETITION: To share some smoothie love we are giving away one lucky Rokeby Farms fan a year's supply of our smoothies! To enter: 1. Like ...",
                  "source": "Source: instagram.com (https://www.instagram.com/p/CTTJ7b1PNIQ/)"
                },
                {
                  "claim": "Competition/Antitrust & Consumer ‚Äî acquisition of a 45% interest in the Made Group (owners of the Cocobella, Rokeby Farms, Impressed Juice and Nutrient Water brands), together with its bottler, ...",
                  "source": "Source: addisons.com (https://addisons.com/capabilities/competition-consumer-antitrust/)"
                },
                {
                  "claim": "Our brands ‚Äî Rokeby is a functional dairy brand offering a range of high quality products that deliver natural straight-up nutrition to smartly power active people through ...",
                  "source": "Source: madegroup.com (https://www.madegroup.com/our-brands)"
                },
                {
                  "claim": "About Rokeby ‚Äî Rokeby products are naturally high in protein, made from fresh locally sourced milk and trusted quality ingredients, to help you smartly power through your day.",
                  "source": "Source: rokebynutrition.com (https://rokebynutrition.com/pages/about-rokeby)"
                },
                {
                  "claim": "Rokeby Farms: Premium protein driving significant growth ‚Äî Rokeby Farms innovative Whole Protein Breakfast Smoothies are made with fresh, cold-filtered milk that contains twice the protein of regular milk and no added ...",
                  "source": "Source: c-store.com.au (https://www.c-store.com.au/rokeby-farms-premium-protein-driving-significant-growth/)"
                }
              ],
              "promos": [
                {
                  "brand": "ROKEBYNUTRITION",
                  "url": "https://rokebynutrition.com/",
                  "source": "Source: rokebynutrition.com (https://rokebynutrition.com/)",
                  "title": "Rokeby Nutrition",
                  "headline": "Rokeby is a nutrition food company based in Melbourne. We make a range of award-winning dairy products to enjoy as part of a healthy lifestyle.",
                  "type": "PRIZE",
                  "heroCount": null,
                  "totalWinners": null,
                  "cadence": null,
                  "prizeItems": [
                    "car",
                    "data",
                    "tv"
                  ],
                  "prizeValueHint": null,
                  "confidence": 0.6,
                  "viaRedemption": false,
                  "giftCard": null
                },
                {
                  "brand": "RMHHOMELOTTERY",
                  "url": "https://www.rmhhomelottery.com.au/pdfs/rmh-mel-2025-2-winners-FA.pdf",
                  "source": "Source: rmhhomelottery.com.au (https://www.rmhhomelottery.com.au/pdfs/rmh-mel-2025-2-winners-FA.pdf)",
                  "title": "Congratulations",
                  "headline": "Congratulations to our. $5.3M Grand Prize winner! Rowena of Swifts Creek (#10134243) has won this fully furnished home in Camberwell. Win big ...",
                  "type": "PRIZE",
                  "heroCount": null,
                  "totalWinners": null,
                  "cadence": null,
                  "prizeItems": [
                    "data",
                    "tv",
                    "car",
                    "cash",
                    "holiday"
                  ],
                  "prizeValueHint": "$39",
                  "confidence": 0.6,
                  "viaRedemption": false,
                  "giftCard": null
                },
                {
                  "brand": "ADDISONS",
                  "url": "https://addisons.com/capabilities/competition-consumer-antitrust/",
                  "source": "Source: addisons.com (https://addisons.com/capabilities/competition-consumer-antitrust/)",
                  "title": "Competition/Antitrust &amp; Consumer | Addisons | Sydney Law Firm",
                  "headline": "Competition/Antitrust &#038; Consumer",
                  "type": "PRIZE",
                  "heroCount": null,
                  "totalWinners": null,
                  "cadence": null,
                  "prizeItems": [
                    "car",
                    "data",
                    "plan"
                  ],
                  "prizeValueHint": "$534",
                  "confidence": 0.6,
                  "viaRedemption": false,
                  "giftCard": null
                },
                {
                  "brand": "DIAA",
                  "url": "https://diaa.asn.au/wp-content/uploads/2019_DIAA_Vic_Results.pdf",
                  "source": "Source: diaa.asn.au (https://diaa.asn.au/wp-content/uploads/2019_DIAA_Vic_Results.pdf)",
                  "title": "DIAA Victorian Dairy Product Competition",
                  "headline": "Rokeby Farms Whole Protein Smoothie. Chocolate. 17.00. Bulla Dairy Foods. Bulla ... Victorian Dairy Product Competitions visit: www.diaa.asn.au. Dairy Industry.",
                  "type": "PRIZE",
                  "heroCount": null,
                  "totalWinners": null,
                  "cadence": null,
                  "prizeItems": [
                    "data",
                    "tv",
                    "car"
                  ],
                  "prizeValueHint": "$06",
                  "confidence": 0.6,
                  "viaRedemption": false,
                  "giftCard": null
                },
                {
                  "brand": "FOODANDDRINKBUSINESS",
                  "url": "https://www.foodanddrinkbusiness.com.au/news/rethinking-the-white-drink",
                  "source": "Source: foodanddrinkbusiness.com.au (https://www.foodanddrinkbusiness.com.au/news/rethinking-the-white-drink)",
                  "title": "Rethinking the white drink - Food &amp; Drink Business",
                  "headline": "Rethinking the white drink",
                  "type": "PRIZE",
                  "heroCount": null,
                  "totalWinners": null,
                  "cadence": null,
                  "prizeItems": [
                    "data",
                    "car",
                    "plan",
                    "tv"
                  ],
                  "prizeValueHint": null,
                  "confidence": 0.6,
                  "viaRedemption": false,
                  "giftCard": null
                },
                {
                  "brand": "Rokeby Farms",
                  "url": "https://www.retailbiz.com.au/offline-retailing/rokeby-farms-premium-protein-driving-significant-growth/",
                  "source": "Source: retailbiz.com.au (https://www.retailbiz.com.au/offline-retailing/rokeby-farms-premium-protein-driving-significant-growth/)",
                  "title": "Rokeby Farms: Premium protein driving significant growth - retailbiz",
                  "headline": "Rokeby Farms sources fresh milk from a selection of farms located in Victoria, which is then delivered to its new manufacturing facility located ...",
                  "type": "PRIZE",
                  "heroCount": null,
                  "totalWinners": null,
                  "cadence": null,
                  "prizeItems": [
                    "car",
                    "data",
                    "plan",
                    "plans",
                    "tv"
                  ],
                  "prizeValueHint": "$10",
                  "confidence": 0.6,
                  "viaRedemption": false,
                  "giftCard": null
                },
                {
                  "brand": "WHATSINSEASON",
                  "url": "https://www.whatsinseason.com.au/blog/turn-fries-into-cash-win-200k/",
                  "source": "Source: whatsinseason.com.au (https://www.whatsinseason.com.au/blog/turn-fries-into-cash-win-200k/)",
                  "title": "Turn Fries into Cash - Win $200K - Welcome - InSeason",
                  "headline": "Turn Fries into Cash &#8211; Win $200K",
                  "type": "PRIZE",
                  "heroCount": null,
                  "totalWinners": null,
                  "cadence": "weekly",
                  "prizeItems": [
                    "data",
                    "cash",
                    "car",
                    "tv"
                  ],
                  "prizeValueHint": "$200",
                  "confidence": 0.6,
                  "viaRedemption": false,
                  "giftCard": null
                },
                {
                  "brand": "PRIESTLEYS-GOURMET",
                  "url": "https://www.priestleys-gourmet.com.au/",
                  "source": "Source: priestleys-gourmet.com.au (https://www.priestleys-gourmet.com.au/)",
                  "title": "Wholesale Cakes, Desserts &amp; Baked Goods for Cafes &amp; Businesses | Priestley&#039;s Gourmet Delights",
                  "headline": "Homepage #New",
                  "type": "PRIZE",
                  "heroCount": null,
                  "totalWinners": null,
                  "cadence": null,
                  "prizeItems": [
                    "data",
                    "car",
                    "tv",
                    "trip"
                  ],
                  "prizeValueHint": null,
                  "confidence": 0.6,
                  "viaRedemption": false,
                  "giftCard": null
                },
                {
                  "brand": "GOURMET-DELIGHTS",
                  "url": "https://gourmet-delights.com.au/",
                  "source": "Source: gourmet-delights.com.au (https://gourmet-delights.com.au/)",
                  "title": "Gourmet Delights &#8211; A Little Bite of Heaven.",
                  "headline": "Your perfect partner for me time moments.",
                  "type": "PRIZE",
                  "heroCount": null,
                  "totalWinners": null,
                  "cadence": null,
                  "prizeItems": [
                    "data",
                    "car"
                  ],
                  "prizeValueHint": null,
                  "confidence": 0.6,
                  "viaRedemption": false,
                  "giftCard": null
                },
                {
                  "brand": "PRIESTLEYS-GOURMET",
                  "url": "https://www.priestleys-gourmet.com.au/blog",
                  "source": "Source: priestleys-gourmet.com.au (https://www.priestleys-gourmet.com.au/blog)",
                  "title": "Priestley&#039;s Blog | Priestley&#039;s Gourmet Delights",
                  "headline": "Priestley&#8217;s Blog",
                  "type": "PRIZE",
                  "heroCount": null,
                  "totalWinners": null,
                  "cadence": null,
                  "prizeItems": [
                    "data",
                    "car",
                    "tv",
                    "holiday",
                    "trip"
                  ],
                  "prizeValueHint": null,
                  "confidence": 0.6,
                  "viaRedemption": false,
                  "giftCard": null
                },
                {
                  "brand": "PRIESTLEYS-GOURMET",
                  "url": "https://www.priestleys-gourmet.com.au/insight/podcasts",
                  "source": "Source: priestleys-gourmet.com.au (https://www.priestleys-gourmet.com.au/insight/podcasts)",
                  "title": "Podcasts | Priestley&#039;s Gourmet Delights",
                  "headline": "Podcasts",
                  "type": "PRIZE",
                  "heroCount": null,
                  "totalWinners": null,
                  "cadence": null,
                  "prizeItems": [
                    "data",
                    "car",
                    "tv",
                    "trip"
                  ],
                  "prizeValueHint": null,
                  "confidence": 0.6,
                  "viaRedemption": false,
                  "giftCard": null
                },
                {
                  "brand": "COURIERMAIL",
                  "url": "https://www.couriermail.com.au/news/national/back-australia/how-priestleys-gourmet-delights-thrives-with-automation-while-supporting-more-australian-jobs/news-story/9b8e562ce4d2b5c64e80fb04cd3c62b2",
                  "source": "Source: couriermail.com.au (https://www.couriermail.com.au/news/national/back-australia/how-priestleys-gourmet-delights-thrives-with-automation-while-supporting-more-australian-jobs/news-story/9b8e562ce4d2b5c64e80fb04cd3c62b2)",
                  "title": "No Cookies | The Courier Mail",
                  "headline": "No Cookies",
                  "type": "PRIZE",
                  "heroCount": null,
                  "totalWinners": null,
                  "cadence": null,
                  "prizeItems": [
                    "car",
                    "data",
                    "plan",
                    "tv"
                  ],
                  "prizeValueHint": null,
                  "confidence": 0.6,
                  "viaRedemption": false,
                  "giftCard": null
                },
                {
                  "brand": "Jillian's Cakery",
                  "url": "https://www.easyweddings.com.au/WeddingCakes/Sydney/JilliansCakery/",
                  "source": "Source: easyweddings.com.au (https://www.easyweddings.com.au/WeddingCakes/Sydney/JilliansCakery/)",
                  "title": "Jillian&#39;s Cakery - Wedding Cakes Surry Hills | Easy Weddings",
                  "headline": "Jillian&#39;s Cakery",
                  "type": "PRIZE",
                  "heroCount": null,
                  "totalWinners": null,
                  "cadence": null,
                  "prizeItems": [
                    "data",
                    "tv",
                    "car",
                    "plan",
                    "cash"
                  ],
                  "prizeValueHint": null,
                  "confidence": 0.6,
                  "viaRedemption": false,
                  "giftCard": null
                },
                {
                  "brand": "Jillian's Cakery",
                  "url": "https://www.sydneycakery.com.au/product/jillians-cakery-online-gift-card-redeemable-online-only/",
                  "source": "Source: sydneycakery.com.au (https://www.sydneycakery.com.au/product/jillians-cakery-online-gift-card-redeemable-online-only/)",
                  "title": "Jillian&#039;s Cakery Online Gift Card (redeemable online only) &#183; Sydney Cakery",
                  "headline": "Jillian&#8217;s Cakery Online Gift Card (redeemable online only)",
                  "type": "PRIZE",
                  "heroCount": null,
                  "totalWinners": null,
                  "cadence": null,
                  "prizeItems": [
                    "gift card",
                    "car",
                    "data",
                    "tv",
                    "trip",
                    "plan",
                    "cash",
                    "giftcard"
                  ],
                  "prizeValueHint": "$10",
                  "confidence": 0.6,
                  "viaRedemption": false,
                  "giftCard": null
                },
                {
                  "brand": "THATGIRLFROMSYDNEY",
                  "url": "https://thatgirlfromsydney.com/2020/02/27/who-is-jillian-and-what-does-she-do/",
                  "source": "Source: thatgirlfromsydney.com (https://thatgirlfromsydney.com/2020/02/27/who-is-jillian-and-what-does-she-do/)",
                  "title": "Who Is Jillian And What Does She Do? &#8211; That Girl from Sydney",
                  "headline": "Who Is Jillian And What Does She&nbsp;Do?",
                  "type": "PRIZE",
                  "heroCount": null,
                  "totalWinners": null,
                  "cadence": null,
                  "prizeItems": [
                    "car",
                    "data",
                    "plan",
                    "tv"
                  ],
                  "prizeValueHint": null,
                  "confidence": 0.6,
                  "viaRedemption": false,
                  "giftCard": null
                },
                {
                  "brand": "Jillian's Cakery",
                  "url": "https://www.theurbanlist.com/sydney/directory/jillian-s-cakery",
                  "source": "Source: theurbanlist.com (https://www.theurbanlist.com/sydney/directory/jillian-s-cakery)",
                  "title": "Jillian's Cakery | URBAN LIST SYDNEY",
                  "headline": "Jillian‚Äôs Cakery",
                  "type": "PRIZE",
                  "heroCount": null,
                  "totalWinners": null,
                  "cadence": null,
                  "prizeItems": [
                    "tv",
                    "data",
                    "car"
                  ],
                  "prizeValueHint": null,
                  "confidence": 0.6,
                  "viaRedemption": false,
                  "giftCard": null
                },
                {
                  "brand": "YOUTUBE",
                  "url": "https://www.youtube.com/c/jillianbutler",
                  "source": "Source: youtube.com (https://www.youtube.com/c/jillianbutler)",
                  "title": "Jillian Butler - YouTube",
                  "headline": "I started a successful cake shop in Sydney called Jillian's Cakery that I ran for 7 years and there were lots of lessons that I learned along the way. Now ...",
                  "type": "PRIZE",
                  "heroCount": null,
                  "totalWinners": null,
                  "cadence": null,
                  "prizeItems": [
                    "data",
                    "tv",
                    "car"
                  ],
                  "prizeValueHint": null,
                  "confidence": 0.6,
                  "viaRedemption": false,
                  "giftCard": null
                },
                {
                  "brand": "Belle Fleur",
                  "url": "https://bellefleur.com.au/",
                  "source": "Source: bellefleur.com.au (https://bellefleur.com.au/)",
                  "title": "Homepage | Belle Fleur Fine Chocolates | Chocolate Sydney",
                  "headline": "Handmade chocolates that taste sensational. Choose from over 45 traditional and contemporary flavours in-store.Jump to",
                  "type": "PRIZE",
                  "heroCount": null,
                  "totalWinners": null,
                  "cadence": null,
                  "prizeItems": [
                    "car",
                    "data",
                    "tv",
                    "trip",
                    "gift card"
                  ],
                  "prizeValueHint": null,
                  "confidence": 0.6,
                  "viaRedemption": false,
                  "giftCard": null
                },
                {
                  "brand": "ADAIRS",
                  "url": "https://www.adairs.com.au/terms-conditions/competitions/?srsltid=AfmBOoqdmhyAkjp-0mo6YgOOktDktJHmHAKnYF3zeB9uw5Neg7BZ2F6C",
                  "source": "Source: adairs.com.au (https://www.adairs.com.au/terms-conditions/competitions/?srsltid=AfmBOoqdmhyAkjp-0mo6YgOOktDktJHmHAKnYF3zeB9uw5Neg7BZ2F6C)",
                  "title": "Past Competitions | Adairs",
                  "headline": "The 'Draw 3' winner is Edith Pullen. The 'Draw 4' winner is Vibeke Foss. The 'Adairs Kids Fur Cushions & Throw Competition' commenced at 12:00am AEST on the 14 ...Jump to",
                  "type": "PRIZE",
                  "heroCount": 3,
                  "totalWinners": null,
                  "cadence": null,
                  "prizeItems": [
                    "data",
                    "car",
                    "trip",
                    "plan",
                    "washer",
                    "gift card",
                    "tv",
                    "voucher",
                    "cash"
                  ],
                  "prizeValueHint": "$30",
                  "confidence": 0.6,
                  "viaRedemption": false,
                  "giftCard": null
                },
                {
                  "brand": "RMHHOMELOTTERY",
                  "url": "https://www.rmhhomelottery.com.au/on/demandware.static/Sites-RML_MEL-Site/Sites-RML_MEL-Library/-/pdfs/rmh-mel-2025-1-winners-FA-2.pdf",
                  "source": "Source: rmhhomelottery.com.au (https://www.rmhhomelottery.com.au/on/demandware.static/Sites-RML_MEL-Site/Sites-RML_MEL-Library/-/pdfs/rmh-mel-2025-1-winners-FA-2.pdf)",
                  "title": "Congratulations",
                  "headline": "Congratulations to our Early Bird winner! Jeffrey from Bulleen (#008153) has won the half a million Early Bird Prize! EARLY BIRD PRIZE.Jump to",
                  "type": "PRIZE",
                  "heroCount": null,
                  "totalWinners": null,
                  "cadence": null,
                  "prizeItems": [
                    "data",
                    "tv",
                    "cash",
                    "holiday",
                    "car",
                    "plan"
                  ],
                  "prizeValueHint": "$39",
                  "confidence": 0.6,
                  "viaRedemption": false,
                  "giftCard": null
                },
                {
                  "brand": "ROCKYSHOW",
                  "url": "https://www.rockyshow.com.au/Competitions/Animals-Competitions/Horse-Competition-Program",
                  "source": "Source: rockyshow.com.au (https://www.rockyshow.com.au/Competitions/Animals-Competitions/Horse-Competition-Program)",
                  "title": "Horse Competition Program Rockhampton Show",
                  "headline": "Horse Competition Program",
                  "type": "PRIZE",
                  "heroCount": null,
                  "totalWinners": null,
                  "cadence": null,
                  "prizeItems": [
                    "car",
                    "tv",
                    "data",
                    "plan"
                  ],
                  "prizeValueHint": null,
                  "confidence": 0.6,
                  "viaRedemption": false,
                  "giftCard": null
                },
                {
                  "brand": "BELLEFLEUR",
                  "url": "https://bellefleur.com.au/occasions/",
                  "source": "Source: bellefleur.com.au (https://bellefleur.com.au/occasions/)",
                  "title": "Special Occasions &amp; Events | Belle Fleur Fine Chocolates",
                  "headline": "Occasions",
                  "type": "PRIZE",
                  "heroCount": null,
                  "totalWinners": null,
                  "cadence": null,
                  "prizeItems": [
                    "car",
                    "data",
                    "tv",
                    "trip",
                    "gift card"
                  ],
                  "prizeValueHint": null,
                  "confidence": 0.6,
                  "viaRedemption": false,
                  "giftCard": null
                },
                {
                  "brand": "MARKETINGBEE",
                  "url": "https://marketingbee.com.au/sharon-latour-returns-as-a-judge-for-the-2025-australian-web-awards/",
                  "source": "Source: marketingbee.com.au (https://marketingbee.com.au/sharon-latour-returns-as-a-judge-for-the-2025-australian-web-awards/)",
                  "title": "Sharon Latour Returns as a Judge for the 2025 Australian Web Awards - Marketing Bee",
                  "headline": "Sharon Latour Returns as a Judge for the 2025 Australian Web Awards",
                  "type": "PRIZE",
                  "heroCount": null,
                  "totalWinners": null,
                  "cadence": null,
                  "prizeItems": [
                    "car",
                    "data",
                    "tv"
                  ],
                  "prizeValueHint": null,
                  "confidence": 0.6,
                  "viaRedemption": false,
                  "giftCard": null
                },
                {
                  "brand": "Beak & Johnston",
                  "url": "https://www.beakandjohnston.com.au/",
                  "source": "Source: beakandjohnston.com.au (https://www.beakandjohnston.com.au/)",
                  "title": "Home - Quality Food Manufacturer | Beak &amp; Johnston",
                  "headline": "Beak & Johnston is a proudly Australian, privately owned fresh food business with over 39 years of experience delivering innovative, value-added meal solutions.",
                  "type": "PRIZE",
                  "heroCount": null,
                  "totalWinners": null,
                  "cadence": null,
                  "prizeItems": [
                    "car",
                    "data",
                    "plan"
                  ],
                  "prizeValueHint": null,
                  "confidence": 0.6,
                  "viaRedemption": false,
                  "giftCard": null
                },
                {
                  "brand": "BEAKANDJOHNSTON",
                  "url": "https://www.beakandjohnston.com.au/about-us/",
                  "source": "Source: beakandjohnston.com.au (https://www.beakandjohnston.com.au/about-us/)",
                  "title": "About Us - Quality Food Manufacturer | Beak &amp; Johnston",
                  "headline": "Beak & Johnston was founded in 1986 by David Beak, bringing together four generations of global meat industry knowledge.",
                  "type": "PRIZE",
                  "heroCount": null,
                  "totalWinners": null,
                  "cadence": null,
                  "prizeItems": [
                    "car",
                    "data",
                    "plan"
                  ],
                  "prizeValueHint": "$15",
                  "confidence": 0.6,
                  "viaRedemption": false,
                  "giftCard": null
                },
                {
                  "brand": "BAKINGBUSINESS",
                  "url": "https://bakingbusiness.com.au/wp-content/uploads/2019/10/2019-fine-food-catalogue-web.pdf",
                  "source": "Source: bakingbusiness.com.au (https://bakingbusiness.com.au/wp-content/uploads/2019/10/2019-fine-food-catalogue-web.pdf)",
                  "title": "Sydney Royal Fine Food Show - Baking Business",
                  "headline": "It draws from Sydney Royal Champions throughout the year, examines, and celebrates truly inspirational, innovative agricultural food and beverage achievers.",
                  "type": "PRIZE",
                  "heroCount": null,
                  "totalWinners": null,
                  "cadence": null,
                  "prizeItems": [
                    "data",
                    "tv",
                    "car"
                  ],
                  "prizeValueHint": "$224",
                  "confidence": 0.6,
                  "viaRedemption": false,
                  "giftCard": null
                },
                {
                  "brand": "ISSUU",
                  "url": "https://issuu.com/theintermediagroup/docs/c_i_retailing_magazine_august-september_2025",
                  "source": "Source: issuu.com (https://issuu.com/theintermediagroup/docs/c_i_retailing_magazine_august-september_2025)",
                  "title": "C&amp;amp;I Retailing Magazine August-September 2025 by The Intermedia Group - Issuu",
                  "headline": "C&amp;I Retailing Magazine August-September 2025",
                  "type": "PRIZE",
                  "heroCount": null,
                  "totalWinners": null,
                  "cadence": null,
                  "prizeItems": [
                    "car",
                    "data",
                    "tv",
                    "plans",
                    "plan"
                  ],
                  "prizeValueHint": "$29",
                  "confidence": 0.6,
                  "viaRedemption": false,
                  "giftCard": null
                },
                {
                  "brand": "Beak & Johnston",
                  "url": "https://www.accc.gov.au/media-release/woolworths%E2%80%99-proposed-acquisition-of-beak-johnston-not-opposed",
                  "source": "Source: accc.gov.au (https://www.accc.gov.au/media-release/woolworths%E2%80%99-proposed-acquisition-of-beak-johnston-not-opposed)",
                  "title": "Woolworths‚Äô proposed acquisition of Beak &amp; Johnston not opposed | ACCC",
                  "headline": "The ACCC will not oppose Woolworths Group Limited's (ASX:WOW) proposed acquisition of Beak & Johnston Holdings Pty Ltd (B&J).",
                  "type": "PRIZE",
                  "heroCount": null,
                  "totalWinners": null,
                  "cadence": null,
                  "prizeItems": [
                    "data",
                    "car"
                  ],
                  "prizeValueHint": null,
                  "confidence": 0.6,
                  "viaRedemption": false,
                  "giftCard": null
                },
                {
                  "brand": "Beak & Johnston",
                  "url": "https://www.just-food.com/news/woolworths-beak-johnston-deal-approved/",
                  "source": "Source: just-food.com (https://www.just-food.com/news/woolworths-beak-johnston-deal-approved/)",
                  "title": "ACCC waves through Woolworths‚Äô Beak &amp; Johnston deal",
                  "headline": "Australia regulator waves through Woolworths‚Äô Beak &#038; Johnston deal",
                  "type": "PRIZE",
                  "heroCount": null,
                  "totalWinners": null,
                  "cadence": null,
                  "prizeItems": [
                    "data",
                    "car",
                    "plan",
                    "tv"
                  ],
                  "prizeValueHint": null,
                  "confidence": 0.6,
                  "viaRedemption": false,
                  "giftCard": null
                },
                {
                  "brand": "Beak & Johnston",
                  "url": "https://morganenglishlawyers.com.au/morgan-english-advises-beak-johnston-group-on-strategic-sale-to-woolworths/",
                  "source": "Source: morganenglishlawyers.com.au (https://morganenglishlawyers.com.au/morgan-english-advises-beak-johnston-group-on-strategic-sale-to-woolworths/)",
                  "title": "Morgan + English Advises Beak &amp; Johnston Group on Strategic Sale to Woolworths | Morgan English Lawyers",
                  "headline": "Morgan + English Advises Beak &#038; Johnston Group on Strategic Sale to Woolworths",
                  "type": "PRIZE",
                  "heroCount": null,
                  "totalWinners": null,
                  "cadence": null,
                  "prizeItems": [
                    "data",
                    "car",
                    "cash",
                    "trip",
                    "plan",
                    "tv"
                  ],
                  "prizeValueHint": null,
                  "confidence": 0.6,
                  "viaRedemption": false,
                  "giftCard": null
                },
                {
                  "brand": "Beak & Johnston",
                  "url": "https://www.comcom.govt.nz/news-and-media/news-and-events/2025/woolworths-seeks-clearance-to-acquire-beak-and-johnston/",
                  "source": "Source: comcom.govt.nz (https://www.comcom.govt.nz/news-and-media/news-and-events/2025/woolworths-seeks-clearance-to-acquire-beak-and-johnston/)",
                  "title": "Woolworths seeks clearance to acquire Beak &amp; Johnston | Commerce Commission",
                  "headline": "We will give clearance to a proposed merger if we are satisfied that the merger is unlikely to have the effect of substantially lessening ...",
                  "type": "PRIZE",
                  "heroCount": null,
                  "totalWinners": null,
                  "cadence": null,
                  "prizeItems": [
                    "trip",
                    "car",
                    "data",
                    "plan"
                  ],
                  "prizeValueHint": null,
                  "confidence": 0.6,
                  "viaRedemption": false,
                  "giftCard": null
                },
                {
                  "brand": "Beak & Johnston",
                  "url": "https://insideretail.com.au/news/woolworths-seeks-clearance-to-buy-beak-johnston-202501",
                  "source": "Source: insideretail.com.au (https://insideretail.com.au/news/woolworths-seeks-clearance-to-buy-beak-johnston-202501)",
                  "title": "Woolworths seeks clearance to buy Beak &amp; Johnston - Inside Retail Australia",
                  "headline": "Woolworths seeks clearance to buy Beak &amp; Johnston",
                  "type": "PRIZE",
                  "heroCount": null,
                  "totalWinners": null,
                  "cadence": null,
                  "prizeItems": [
                    "data",
                    "car",
                    "trip"
                  ],
                  "prizeValueHint": "$110",
                  "confidence": 0.6,
                  "viaRedemption": false,
                  "giftCard": null
                },
                {
                  "brand": "Carman's",
                  "url": "https://carmanskitchen.com.au/carmans-quarterly-care-package-giveaway-2025/",
                  "source": "Source: carmanskitchen.com.au (https://carmanskitchen.com.au/carmans-quarterly-care-package-giveaway-2025/)",
                  "title": "Carman‚Äôs Quarterly Care Package Giveaway Terms &amp; Conditions 2025 | Carman's Kitchen",
                  "headline": "Carman‚Äôs Quarterly Care Package Giveaway Terms &#038; Conditions 2025",
                  "type": "PRIZE",
                  "heroCount": null,
                  "totalWinners": null,
                  "cadence": null,
                  "prizeItems": [
                    "data",
                    "car",
                    "plan",
                    "cash",
                    "tv"
                  ],
                  "prizeValueHint": "$100",
                  "confidence": 0.6,
                  "viaRedemption": false,
                  "giftCard": null
                },
                {
                  "brand": "Carman's",
                  "url": "https://carmanskitchen.com.au/fun-run-giveaway-terms-conditions/",
                  "source": "Source: carmanskitchen.com.au (https://carmanskitchen.com.au/fun-run-giveaway-terms-conditions/)",
                  "title": "Carman‚Äôs Fun Run Giveaway Terms &amp; Conditions | Carman's Kitchen",
                  "headline": "Carman&#8217;s Fun Run Giveaway Terms &#038; Conditions",
                  "type": "PRIZE",
                  "heroCount": 1,
                  "totalWinners": null,
                  "cadence": "instant",
                  "prizeItems": [
                    "data",
                    "car",
                    "plan",
                    "voucher",
                    "cash",
                    "tv"
                  ],
                  "prizeValueHint": "$200",
                  "confidence": 0.6,
                  "viaRedemption": false,
                  "giftCard": null
                },
                {
                  "brand": "CARMANSKITCHEN",
                  "url": "https://carmanskitchen.com.au/porridge-competition-terms-conditions/",
                  "source": "Source: carmanskitchen.com.au (https://carmanskitchen.com.au/porridge-competition-terms-conditions/)",
                  "title": "Porridge Competition Terms &amp; Conditions | Carman's Kitchen",
                  "headline": "Porridge Competition Terms &#038; Conditions",
                  "type": "PRIZE",
                  "heroCount": null,
                  "totalWinners": null,
                  "cadence": null,
                  "prizeItems": [
                    "data",
                    "car",
                    "plan",
                    "cash",
                    "tv"
                  ],
                  "prizeValueHint": "$250",
                  "confidence": 0.6,
                  "viaRedemption": false,
                  "giftCard": null
                },
                {
                  "brand": "CARMANSKITCHEN",
                  "url": "https://carmanskitchen.com.au/win-a-trip-to-byron-terms-and-conditions/",
                  "source": "Source: carmanskitchen.com.au (https://carmanskitchen.com.au/win-a-trip-to-byron-terms-and-conditions/)",
                  "title": "Win a Trip to Byron Terms and Conditions | Carman's Kitchen",
                  "headline": "Win a Trip to Byron Terms and Conditions",
                  "type": "PRIZE",
                  "heroCount": null,
                  "totalWinners": null,
                  "cadence": "instant",
                  "prizeItems": [
                    "data",
                    "car",
                    "trip",
                    "plan",
                    "holiday",
                    "voucher",
                    "cash",
                    "tv"
                  ],
                  "prizeValueHint": "$11,805",
                  "confidence": 0.6,
                  "viaRedemption": false,
                  "giftCard": null
                },
                {
                  "brand": "Carman's",
                  "url": "https://solemotive.com/pages/carmans-fun-run-syd-10k?srsltid=AfmBOooHB3xkXtaoGZ9mG-_L0--9mW5jbbRWm1pnggI7e99sIs6BVcnZ",
                  "source": "Source: solemotive.com (https://solemotive.com/pages/carmans-fun-run-syd-10k?srsltid=AfmBOooHB3xkXtaoGZ9mG-_L0--9mW5jbbRWm1pnggI7e99sIs6BVcnZ)",
                  "title": "Carman&#39;s Fun Run Sydney 2025 - 10K | Sole Motive",
                  "headline": "The Carman's Fun Run Sydney 2025 is on 21 September at Metcalfe Park, Pyrmont, with a 9:00am start. The course is a flat 2 lap with Sydney views.",
                  "type": "PRIZE",
                  "heroCount": null,
                  "totalWinners": null,
                  "cadence": null,
                  "prizeItems": [
                    "data",
                    "car",
                    "trip",
                    "tv",
                    "cash"
                  ],
                  "prizeValueHint": "$80",
                  "confidence": 0.6,
                  "viaRedemption": false,
                  "giftCard": null
                },
                {
                  "brand": "Carman's",
                  "url": "https://solemotive.com/pages/carmans-fun-run-syd-home?srsltid=AfmBOorQvL6V5sSGXodJyYnpq2M5S1edAD0ntuyCApEKW69H8iURTuCJ",
                  "source": "Source: solemotive.com (https://solemotive.com/pages/carmans-fun-run-syd-home?srsltid=AfmBOorQvL6V5sSGXodJyYnpq2M5S1edAD0ntuyCApEKW69H8iURTuCJ)",
                  "title": "Carman&#39;s Fun Run Sydney 2025 | Sole Motive",
                  "headline": "BCNA MERCHANDISE STAND &amp; MINI-FIELD OF WOMEN",
                  "type": "PRIZE",
                  "heroCount": null,
                  "totalWinners": null,
                  "cadence": null,
                  "prizeItems": [
                    "data",
                    "car",
                    "trip",
                    "tv",
                    "cash",
                    "plan"
                  ],
                  "prizeValueHint": "$60",
                  "confidence": 0.6,
                  "viaRedemption": false,
                  "giftCard": null
                },
                {
                  "brand": "Carman's",
                  "url": "https://solemotive.com/pages/carmans-fun-run-mel-home?srsltid=AfmBOorSgV-UdaNVOUP8CKAqEEIrYHFLflLVAtbLwxYAcUtICnE2zL_9",
                  "source": "Source: solemotive.com (https://solemotive.com/pages/carmans-fun-run-mel-home?srsltid=AfmBOorSgV-UdaNVOUP8CKAqEEIrYHFLflLVAtbLwxYAcUtICnE2zL_9)",
                  "title": "Carman&#39;s Fun Run Melbourne 2026 | Sole Motive",
                  "headline": "BCNA MERCHANDISE STAND",
                  "type": "PRIZE",
                  "heroCount": null,
                  "totalWinners": null,
                  "cadence": null,
                  "prizeItems": [
                    "data",
                    "car",
                    "trip",
                    "tv",
                    "cash",
                    "plan"
                  ],
                  "prizeValueHint": "$60",
                  "confidence": 0.6,
                  "viaRedemption": false,
                  "giftCard": null
                },
                {
                  "brand": "Carman's",
                  "url": "https://www.bcna.org.au/event-directory/major-events/carman-s-fun-run-2025-sydney/",
                  "source": "Source: bcna.org.au (https://www.bcna.org.au/event-directory/major-events/carman-s-fun-run-2025-sydney/)",
                  "title": "Carman&#x2019;s Fun Run 2025 - Sydney",
                  "headline": "Run, jog or walk 21.1K, 10K, or 5K and make your run count by raising funds to help Australians affected by breast cancer. Secure your spot now and help us turn ...",
                  "type": "PRIZE",
                  "heroCount": null,
                  "totalWinners": null,
                  "cadence": null,
                  "prizeItems": [
                    "data",
                    "car",
                    "tv"
                  ],
                  "prizeValueHint": "$30",
                  "confidence": 0.6,
                  "viaRedemption": false,
                  "giftCard": null
                },
                {
                  "brand": "Carman's",
                  "url": "https://www.bcna.org.au/event-directory/major-events/carman-s-fun-run-2025-melbourne/",
                  "source": "Source: bcna.org.au (https://www.bcna.org.au/event-directory/major-events/carman-s-fun-run-2025-melbourne/)",
                  "title": "Carman&#x2019;s Fun Run 2025 - Melbourne",
                  "headline": "Carman's Fun Run 2025 is on Feb 16 at Elsternwick Park, Brighton, with half-marathon, 10km, 5km run and 5km walk options. It starts at 5:45 am and ends at 1:00 ...",
                  "type": "PRIZE",
                  "heroCount": null,
                  "totalWinners": null,
                  "cadence": null,
                  "prizeItems": [
                    "data",
                    "car",
                    "tv"
                  ],
                  "prizeValueHint": "$30",
                  "confidence": 0.6,
                  "viaRedemption": false,
                  "giftCard": null
                },
                {
                  "brand": "PAULSPROMO",
                  "url": "https://www.paulspromo.com.au/",
                  "source": "Source: paulspromo.com.au (https://www.paulspromo.com.au/)",
                  "title": "Paul&#039;s Kids Yoghurt Minions Promotion",
                  "headline": "Open to AU res 18+. Starts: 17/3/25:12AM AEDT. Ends: 30/5/25:11.59PM AEST. Max 1 entry per transaction. Retain receipts. Draw: 51A/23 Norton St, Leichhardt, NSW ...",
                  "type": "PRIZE",
                  "heroCount": null,
                  "totalWinners": null,
                  "cadence": null,
                  "prizeItems": [
                    "data",
                    "tv",
                    "trip"
                  ],
                  "prizeValueHint": "$17,225",
                  "confidence": 0.6,
                  "viaRedemption": false,
                  "giftCard": null
                },
                {
                  "brand": "REDDYEXPRESS",
                  "url": "https://www.reddyexpress.com.au/terms-and-conditions/peel-N-win",
                  "source": "Source: reddyexpress.com.au (https://www.reddyexpress.com.au/terms-and-conditions/peel-N-win)",
                  "title": "Reddy, Set, Peel &amp; Win - T&amp;Cs | Reddy Express",
                  "headline": "All prize claims and entries into the unclaimed prize draw must be made by Entrants by no later than 11.59pm (Sydney time) on 30 September 2025. 5.",
                  "type": "PRIZE",
                  "heroCount": null,
                  "totalWinners": null,
                  "cadence": "instant",
                  "prizeItems": [
                    "data",
                    "car",
                    "gift card",
                    "plans",
                    "holiday",
                    "voucher",
                    "cash",
                    "trip",
                    "giftcard",
                    "plan"
                  ],
                  "prizeValueHint": "$10",
                  "confidence": 0.6,
                  "viaRedemption": false,
                  "giftCard": null
                },
                {
                  "brand": "PAULS",
                  "url": "https://www.pauls.com.au/",
                  "source": "Source: pauls.com.au (https://www.pauls.com.au/)",
                  "title": "Pauls Dairy",
                  "headline": "We're pretty passionate about making great tasting products packed with real dairy goodness. We put that devotion into every Pauls milk, cream, custard, yoghurt ...",
                  "type": "PRIZE",
                  "heroCount": null,
                  "totalWinners": null,
                  "cadence": null,
                  "prizeItems": [
                    "data",
                    "car",
                    "tv"
                  ],
                  "prizeValueHint": null,
                  "confidence": 0.6,
                  "viaRedemption": false,
                  "giftCard": null
                },
                {
                  "brand": "SCHOOLFUNDRAISING",
                  "url": "https://www.schoolfundraising.com.au/",
                  "source": "Source: schoolfundraising.com.au (https://www.schoolfundraising.com.au/)",
                  "title": "School Fundraising | Empowering Schools Through Colour Runs",
                  "headline": "We're Australia's ultimate school fundraising partner ... When parents use it to create a profile, they go into the draw to win a $500 prize credit.",
                  "type": "PRIZE",
                  "heroCount": 500,
                  "totalWinners": null,
                  "cadence": null,
                  "prizeItems": [
                    "car",
                    "data",
                    "tv",
                    "trip",
                    "plan",
                    "cash"
                  ],
                  "prizeValueHint": "$500",
                  "confidence": 0.6,
                  "viaRedemption": false,
                  "giftCard": null
                },
                {
                  "brand": "Chobani",
                  "url": "https://www.chobani.com.au/chobani-fit-competition-terms-and-conditions/",
                  "source": "Source: chobani.com.au (https://www.chobani.com.au/chobani-fit-competition-terms-and-conditions/)",
                  "title": "Chobani Fit Competition - Terms and Conditions - Chobani Australia",
                  "headline": "Chobani Fit Competition &#8211; Terms and Conditions",
                  "type": "PRIZE",
                  "heroCount": null,
                  "totalWinners": null,
                  "cadence": null,
                  "prizeItems": [
                    "car",
                    "data",
                    "cash"
                  ],
                  "prizeValueHint": "$399",
                  "confidence": 0.6,
                  "viaRedemption": false,
                  "giftCard": null
                },
                {
                  "brand": "Chobani",
                  "url": "https://www.ozbargain.com.au/node/926882",
                  "source": "Source: ozbargain.com.au (https://www.ozbargain.com.au/node/926882)",
                  "title": "Win a KitchenAid Pure Power Blender + Chobani No Sugar Added Prize Pack from KitchenAid - OzBargain Competitions",
                  "headline": "Win a KitchenAid Pure Power Blender + Chobani No Sugar Added Prize Pack from KitchenAid",
                  "type": "PRIZE",
                  "heroCount": null,
                  "totalWinners": null,
                  "cadence": null,
                  "prizeItems": [
                    "car",
                    "tv",
                    "data",
                    "voucher",
                    "gift card",
                    "cash"
                  ],
                  "prizeValueHint": "$274",
                  "confidence": 0.6,
                  "viaRedemption": false,
                  "giftCard": null
                },
                {
                  "brand": "Chobani",
                  "url": "https://www.ozbargain.com.au/competition/chobani.com.au",
                  "source": "Source: ozbargain.com.au (https://www.ozbargain.com.au/competition/chobani.com.au)",
                  "title": "Chobani: Competitions - OzBargain Competitions",
                  "headline": "Chobani &raquo; Competitions",
                  "type": "PRIZE",
                  "heroCount": null,
                  "totalWinners": null,
                  "cadence": null,
                  "prizeItems": [
                    "car",
                    "data",
                    "voucher",
                    "gift card",
                    "cash"
                  ],
                  "prizeValueHint": "$100",
                  "confidence": 0.6,
                  "viaRedemption": false,
                  "giftCard": null
                },
                {
                  "brand": "CHOBANI",
                  "url": "https://www.chobani.com.au/competition-tscs/",
                  "source": "Source: chobani.com.au (https://www.chobani.com.au/competition-tscs/)",
                  "title": "Competition - Terms and Conditions 2024 - Chobani Australia",
                  "headline": "Chobani Australia Terms and Conditions. View Chobani x Remedy Terms and Conditions ¬∑ View Chobani x Ninja Kitchen Terms and Conditions ...",
                  "type": "PRIZE",
                  "heroCount": null,
                  "totalWinners": null,
                  "cadence": null,
                  "prizeItems": [
                    "car",
                    "data"
                  ],
                  "prizeValueHint": null,
                  "confidence": 0.6,
                  "viaRedemption": false,
                  "giftCard": null
                },
                {
                  "brand": "Chobani",
                  "url": "https://www.chobani.com.au/",
                  "source": "Source: chobani.com.au (https://www.chobani.com.au/)",
                  "title": "Chobani Australia",
                  "headline": "Real yogurt. Real simple.",
                  "type": "PRIZE",
                  "heroCount": null,
                  "totalWinners": null,
                  "cadence": null,
                  "prizeItems": [
                    "car",
                    "data",
                    "plan"
                  ],
                  "prizeValueHint": null,
                  "confidence": 0.6,
                  "viaRedemption": false,
                  "giftCard": null
                },
                {
                  "brand": "Sara Lee",
                  "url": "https://winwithsaralee.com.au/conditions.html",
                  "source": "Source: winwithsaralee.com.au (https://winwithsaralee.com.au/conditions.html)",
                  "title": "Sara Lee Waffles 30k Giveaway Instant Win Promotion",
                  "headline": "There are 150 prizes to be given away in this Promotion: 12 x AUD$1,000.00 Cash Prize, 13 x AUD$500.00 Mastercard eVouchers and 15 x AUD$250.00 Mastercard ...",
                  "type": "PRIZE",
                  "heroCount": 150,
                  "totalWinners": null,
                  "cadence": "instant",
                  "prizeItems": [
                    "data",
                    "cash",
                    "car",
                    "voucher"
                  ],
                  "prizeValueHint": "$500",
                  "confidence": 0.6,
                  "viaRedemption": false,
                  "giftCard": null
                },
                {
                  "brand": "Sara Lee",
                  "url": "https://saralee.com.au/enter-for-your-chance-to-win-our-grocery-giveaway/",
                  "source": "Source: saralee.com.au (https://saralee.com.au/enter-for-your-chance-to-win-our-grocery-giveaway/)",
                  "title": "Enter for your chance to WIN our Grocery Giveaway! &#8211; Sara Lee",
                  "headline": "Enter for your chance to WIN our Grocery Giveaway!",
                  "type": "PRIZE",
                  "heroCount": null,
                  "totalWinners": null,
                  "cadence": null,
                  "prizeItems": [
                    "voucher",
                    "data",
                    "car",
                    "tv"
                  ],
                  "prizeValueHint": "$200",
                  "confidence": 0.6,
                  "viaRedemption": false,
                  "giftCard": null
                },
                {
                  "brand": "Sara Lee",
                  "url": "https://saraleefoodservice.com.au/news-promotions/",
                  "source": "Source: saraleefoodservice.com.au (https://saraleefoodservice.com.au/news-promotions/)",
                  "title": "News &amp; Promotions | Sara Lee Foodservice Australia",
                  "headline": "News &#038; Promotions",
                  "type": "PRIZE",
                  "heroCount": null,
                  "totalWinners": null,
                  "cadence": null,
                  "prizeItems": [
                    "data",
                    "car",
                    "tv"
                  ],
                  "prizeValueHint": null,
                  "confidence": 0.6,
                  "viaRedemption": false,
                  "giftCard": null
                },
                {
                  "brand": "Sara Lee",
                  "url": "https://saralee.com.au/grocery-giveaway-tcs-australia/",
                  "source": "Source: saralee.com.au (https://saralee.com.au/grocery-giveaway-tcs-australia/)",
                  "title": "Grocery Giveaway T&#038;Cs Australia &#8211; Sara Lee",
                  "headline": "Grocery Giveaway T&#038;Cs Australia",
                  "type": "PRIZE",
                  "heroCount": null,
                  "totalWinners": null,
                  "cadence": null,
                  "prizeItems": [
                    "data",
                    "car",
                    "tv",
                    "gift card",
                    "cash",
                    "plan"
                  ],
                  "prizeValueHint": "$200",
                  "confidence": 0.6,
                  "viaRedemption": false,
                  "giftCard": null
                },
                {
                  "brand": "Sara Lee",
                  "url": "https://winwithsaralee.com.au/images/Sara%20Lee%20Instant%20Win%20T&C's.pdf",
                  "source": "Source: winwithsaralee.com.au (https://winwithsaralee.com.au/images/Sara%20Lee%20Instant%20Win%20T&C's.pdf)",
                  "title": "Sara Lee Waffles 30k Giveaway Instant Win Promotion",
                  "headline": "Winners will have their initials and state announced on the Sara Lee Promotional website at www.winwithsaralee.com by 30th October, 2024. 14. If ...",
                  "type": "PRIZE",
                  "heroCount": null,
                  "totalWinners": null,
                  "cadence": null,
                  "prizeItems": [
                    "tv"
                  ],
                  "prizeValueHint": "$222",
                  "confidence": 0.6,
                  "viaRedemption": false,
                  "giftCard": null
                },
                {
                  "brand": "Sara Lee",
                  "url": "http://winwithsaralee.com.au/",
                  "source": "Source: winwithsaralee.com.au (http://winwithsaralee.com.au/)",
                  "title": "Sara Lee Waffles 30k Giveaway Instant Win Promotion",
                  "headline": "The promotion commences on the 15/9/2024 at 0900 (AEST) and closes 27/10/2024 at 1700 (AEST). For full T&C's go to www.winwithsaralee.",
                  "type": "PRIZE",
                  "heroCount": null,
                  "totalWinners": null,
                  "cadence": "instant",
                  "prizeItems": [
                    "data",
                    "car",
                    "voucher",
                    "tv"
                  ],
                  "prizeValueHint": null,
                  "confidence": 0.6,
                  "viaRedemption": false,
                  "giftCard": null
                },
                {
                  "brand": "Sara Lee",
                  "url": "https://saralee.com.au/enter-for-your-chance-to-win-a-pair-of-sara-lee-socks-for-dad-terms-and-conditions-2/",
                  "source": "Source: saralee.com.au (https://saralee.com.au/enter-for-your-chance-to-win-a-pair-of-sara-lee-socks-for-dad-terms-and-conditions-2/)",
                  "title": "Enter for your chance to WIN a pair of Sara Lee socks for Dad! Terms and Conditions &#8211; Sara Lee",
                  "headline": "Enter for your chance to WIN a pair of Sara Lee socks for Dad! Terms and Conditions",
                  "type": "PRIZE",
                  "heroCount": 25,
                  "totalWinners": 25,
                  "cadence": null,
                  "prizeItems": [
                    "data",
                    "car",
                    "tv",
                    "cash",
                    "plan"
                  ],
                  "prizeValueHint": "$30",
                  "confidence": 0.6,
                  "viaRedemption": false,
                  "giftCard": null
                },
                {
                  "brand": "Sara Lee",
                  "url": "https://saralee.com.au/enter-for-your-chance-to-win-a-kitchenaid-mixer/",
                  "source": "Source: saralee.com.au (https://saralee.com.au/enter-for-your-chance-to-win-a-kitchenaid-mixer/)",
                  "title": "Enter for your chance to WIN a KitchenAid Mixer! &#8211; Sara Lee",
                  "headline": "Enter for your chance to WIN a KitchenAid Mixer!",
                  "type": "PRIZE",
                  "heroCount": null,
                  "totalWinners": null,
                  "cadence": null,
                  "prizeItems": [
                    "data",
                    "car",
                    "tv",
                    "plan",
                    "trip"
                  ],
                  "prizeValueHint": null,
                  "confidence": 0.6,
                  "viaRedemption": false,
                  "giftCard": null
                },
                {
                  "brand": "TUFFSTREETERS",
                  "url": "https://tuffstreeters.com.au/",
                  "source": "Source: tuffstreeters.com.au (https://tuffstreeters.com.au/)",
                  "title": "Home - Tuff Streeters",
                  "headline": "We Are Tuff Streeters",
                  "type": "PRIZE",
                  "heroCount": null,
                  "totalWinners": null,
                  "cadence": "weekly",
                  "prizeItems": [
                    "car",
                    "data",
                    "cash",
                    "trip"
                  ],
                  "prizeValueHint": "$100",
                  "confidence": 0.6,
                  "viaRedemption": false,
                  "giftCard": null
                },
                {
                  "brand": "LINKT",
                  "url": "https://www.linkt.com.au/campaigns/driveaway/sydney",
                  "source": "Source: linkt.com.au (https://www.linkt.com.au/campaigns/driveaway/sydney)",
                  "title": "Pardon Our Interruption",
                  "headline": "Pardon Our Interruption",
                  "type": "PRIZE",
                  "heroCount": null,
                  "totalWinners": null,
                  "cadence": null,
                  "prizeItems": [],
                  "prizeValueHint": null,
                  "confidence": 0.6,
                  "viaRedemption": false,
                  "giftCard": null
                },
                {
                  "brand": "YOURTOWN",
                  "url": "https://www.yourtown.com.au/",
                  "source": "Source: yourtown.com.au (https://www.yourtown.com.au/)",
                  "title": "yourtown | Art Union & Community Services | Prize Homes",
                  "headline": "Every young person deserves a chance to thrive",
                  "type": "PRIZE",
                  "heroCount": null,
                  "totalWinners": null,
                  "cadence": null,
                  "prizeItems": [
                    "car",
                    "data",
                    "tv"
                  ],
                  "prizeValueHint": null,
                  "confidence": 0.6,
                  "viaRedemption": false,
                  "giftCard": null
                },
                {
                  "brand": "RAFFLETIX",
                  "url": "https://www.raffletix.com.au/raffles",
                  "source": "Source: raffletix.com.au (https://www.raffletix.com.au/raffles)",
                  "title": "Live raffles",
                  "headline": "Live raffles",
                  "type": "PRIZE",
                  "heroCount": null,
                  "totalWinners": null,
                  "cadence": null,
                  "prizeItems": [
                    "tv",
                    "data",
                    "car"
                  ],
                  "prizeValueHint": null,
                  "confidence": 0.6,
                  "viaRedemption": false,
                  "giftCard": null
                },
                {
                  "brand": "MOTORCULTUREAUSTRALIA",
                  "url": "https://www.motorcultureaustralia.com/current-giveaways/",
                  "source": "Source: motorcultureaustralia.com (https://www.motorcultureaustralia.com/current-giveaways/)",
                  "title": "Current Giveaways &#8211; Motor Culture Australia",
                  "headline": "1 DAY ONLY! Mercedes AMG C63S ¬∑ 1 WEEK ONLY: Brand New INEOS Grenadier ¬∑ 1 DAY ONLY: $100,000 Cash Giveaway ¬∑ 2023 Honda Civic Type R ¬∑ 1 Week Only: Brand New 2024 ...",
                  "type": "PRIZE",
                  "heroCount": null,
                  "totalWinners": null,
                  "cadence": null,
                  "prizeItems": [
                    "data",
                    "car",
                    "cash",
                    "trip"
                  ],
                  "prizeValueHint": "$100,000",
                  "confidence": 0.6,
                  "viaRedemption": false,
                  "giftCard": null
                },
                {
                  "brand": "RSREWARDS",
                  "url": "https://rsrewards.com.au/competition",
                  "source": "Source: rsrewards.com.au (https://rsrewards.com.au/competition)",
                  "title": "RS Rewards - Australia's Best Rewards Club",
                  "headline": "Join RS Rewards for monthly prize draws and exclusive competitions. Win amazing prizes including cash, gift cards, and more. Enter our monthly raffles ...",
                  "type": "PRIZE",
                  "heroCount": null,
                  "totalWinners": null,
                  "cadence": "weekly",
                  "prizeItems": [
                    "cash",
                    "gift card",
                    "car",
                    "trip",
                    "data",
                    "plan",
                    "plans"
                  ],
                  "prizeValueHint": "$20",
                  "confidence": 0.6,
                  "viaRedemption": false,
                  "giftCard": null
                },
                {
                  "brand": "REDBULL",
                  "url": "https://www.redbull.com/au-en/events/red-bull-dance-your-style-national-finals-australia",
                  "source": "Source: redbull.com (https://www.redbull.com/au-en/events/red-bull-dance-your-style-national-finals-australia)",
                  "title": "Red Bull Dance Your Style Final Australia 2025",
                  "headline": "Red Bull Dance Your Style is a 1v1 Street Dance battle competition where Australia's best street dancers dance to unpredictable music hits and the crowd ...",
                  "type": "PRIZE",
                  "heroCount": null,
                  "totalWinners": null,
                  "cadence": null,
                  "prizeItems": [
                    "data",
                    "car"
                  ],
                  "prizeValueHint": null,
                  "confidence": 0.6,
                  "viaRedemption": false,
                  "giftCard": null
                },
                {
                  "brand": "MASTERSOFCHOREOGRAPHY",
                  "url": "https://www.mastersofchoreography.com/udo-australia",
                  "source": "Source: mastersofchoreography.com (https://www.mastersofchoreography.com/udo-australia)",
                  "title": "UDO AUSTRALIA | Masters Of Choreogra",
                  "headline": "UDO Australia falls under the Masters of Choreography umbrella and is our National Street Dance competition which we have hosted since 2015.",
                  "type": "PRIZE",
                  "heroCount": null,
                  "totalWinners": null,
                  "cadence": null,
                  "prizeItems": [
                    "tv",
                    "data",
                    "car",
                    "plans",
                    "trip",
                    "giftcard",
                    "plan"
                  ],
                  "prizeValueHint": null,
                  "confidence": 0.6,
                  "viaRedemption": false,
                  "giftCard": null
                },
                {
                  "brand": "DARLINGHARBOUR",
                  "url": "https://www.darlingharbour.com/whats-on/archive/events/beat-breakdown",
                  "source": "Source: darlingharbour.com (https://www.darlingharbour.com/whats-on/archive/events/beat-breakdown)",
                  "title": "Beat Breakdown - Battle it out at Sydney&#39;s 1v1 Street Dance Showdown in Darling Harbour | Darling Harbour",
                  "headline": "Beat Breakdown",
                  "type": "PRIZE",
                  "heroCount": null,
                  "totalWinners": null,
                  "cadence": "weekly",
                  "prizeItems": [
                    "data",
                    "car",
                    "plan"
                  ],
                  "prizeValueHint": null,
                  "confidence": 0.6,
                  "viaRedemption": false,
                  "giftCard": null
                },
                {
                  "brand": "TRANSPORT",
                  "url": "https://www.transport.nsw.gov.au/industry/cities-and-active-transport/cities-revitalisation-and-place/festival-of-place/creative-3",
                  "source": "Source: transport.nsw.gov.au (https://www.transport.nsw.gov.au/industry/cities-and-active-transport/cities-revitalisation-and-place/festival-of-place/creative-3)",
                  "title": "Public Space Ideas Competition | Transport for NSW",
                  "headline": "The Ideas Competition aimed to shape a new conversation about public space in Sydney and was delivered in partnership with the Committee for Sydney.",
                  "type": "PRIZE",
                  "heroCount": null,
                  "totalWinners": null,
                  "cadence": null,
                  "prizeItems": [
                    "car",
                    "data",
                    "tv",
                    "trip",
                    "plan"
                  ],
                  "prizeValueHint": null,
                  "confidence": 0.6,
                  "viaRedemption": false,
                  "giftCard": null
                },
                {
                  "brand": "NUTELLA",
                  "url": "https://www.nutella.com/au/en/xp/nutella-x-kinder-biscuits/faq/",
                  "source": "Source: nutella.com (https://www.nutella.com/au/en/xp/nutella-x-kinder-biscuits/faq/)",
                  "title": "Nutella x Kinder Biscuits promotion",
                  "headline": "Frequently Asked Questions",
                  "type": "PRIZE",
                  "heroCount": null,
                  "totalWinners": null,
                  "cadence": "instant",
                  "prizeItems": [
                    "data",
                    "gift card",
                    "car"
                  ],
                  "prizeValueHint": "$100",
                  "confidence": 0.6,
                  "viaRedemption": false,
                  "giftCard": null
                },
                {
                  "brand": "KINDER",
                  "url": "https://www.kinder.com/au/en/xp/kinderbuenosoundbreaks/term-conditions",
                  "source": "Source: kinder.com (https://www.kinder.com/au/en/xp/kinderbuenosoundbreaks/term-conditions)",
                  "title": "T&amp;C | Kinder Bueno Sound Breaks",
                  "headline": "All provisional winners are subject to verification. Upon verification, winners will be sent their prize. Total prize pool. The total prize pool is AU$43,022.",
                  "type": "PRIZE",
                  "heroCount": 1,
                  "totalWinners": null,
                  "cadence": "daily",
                  "prizeItems": [
                    "data",
                    "car",
                    "holiday",
                    "cash",
                    "plan"
                  ],
                  "prizeValueHint": "$439",
                  "confidence": 0.6,
                  "viaRedemption": false,
                  "giftCard": null
                },
                {
                  "brand": "NUTELLA",
                  "url": "https://www.nutella.com/au/en/xp/nutella-x-kinder-biscuits/winners/",
                  "source": "Source: nutella.com (https://www.nutella.com/au/en/xp/nutella-x-kinder-biscuits/winners/)",
                  "title": "Winners - Nutella",
                  "headline": "Winners",
                  "type": "PRIZE",
                  "heroCount": null,
                  "totalWinners": null,
                  "cadence": null,
                  "prizeItems": [
                    "data",
                    "gift card",
                    "car"
                  ],
                  "prizeValueHint": "$10,000",
                  "confidence": 0.6,
                  "viaRedemption": false,
                  "giftCard": null
                },
                {
                  "brand": "KINDER",
                  "url": "https://www.kinder.com/au/en/kinder-natoons-consumer-promotion-faq",
                  "source": "Source: kinder.com (https://www.kinder.com/au/en/kinder-natoons-consumer-promotion-faq)",
                  "title": "Kinder Natoons Consumer Promotion FAQ - Kinder Australia and New Zealand",
                  "headline": "Kinder Natoons Consumer Promotion FAQ",
                  "type": "PRIZE",
                  "heroCount": null,
                  "totalWinners": null,
                  "cadence": "daily",
                  "prizeItems": [
                    "car",
                    "data",
                    "tv"
                  ],
                  "prizeValueHint": null,
                  "confidence": 0.6,
                  "viaRedemption": false,
                  "giftCard": null
                },
                {
                  "brand": "TCGPROMO",
                  "url": "https://tcgpromo.com.au/au/en/xp/win/terms-lavazza/",
                  "source": "Source: tcgpromo.com.au (https://tcgpromo.com.au/au/en/xp/win/terms-lavazza/)",
                  "title": "Terms-Lavazza | Nutella¬†DeLonghi Promotion",
                  "headline": "All draws will take place at 3:30pm AEST/AEDT (5:30pm NZDT) at Handling Matters Pty Ltd, Unit 40, 1-5 Thew Parade, Cromer NSW 2099 on the dates specified in the ...",
                  "type": "PRIZE",
                  "heroCount": 250,
                  "totalWinners": null,
                  "cadence": null,
                  "prizeItems": [
                    "data",
                    "car",
                    "gift card",
                    "cash",
                    "plan"
                  ],
                  "prizeValueHint": "$15",
                  "confidence": 0.6,
                  "viaRedemption": false,
                  "giftCard": null
                },
                {
                  "brand": "Woolworths",
                  "url": "https://www.lottos.com.au/competitions/viewthreadlite.php?tid=672336",
                  "source": "Source: lottos.com.au (https://www.lottos.com.au/competitions/viewthreadlite.php?tid=672336)",
                  "title": "Verifying...",
                  "headline": "The winner of the Major Prize Draw will win one (1) $10,000 EFTPOS Gift Card. Total prize pool. The total prize pool is AU$50,000. How many ...",
                  "type": "PRIZE",
                  "heroCount": null,
                  "totalWinners": null,
                  "cadence": null,
                  "prizeItems": [
                    "data"
                  ],
                  "prizeValueHint": null,
                  "confidence": 0.6,
                  "viaRedemption": false,
                  "giftCard": null
                },
                {
                  "brand": "KINDER",
                  "url": "https://www.kinder.com/au/en/win",
                  "source": "Source: kinder.com (https://www.kinder.com/au/en/win)",
                  "title": "Win - Kinder Australia and New Zealand",
                  "headline": "Enter for a chance to win 1 of 1500 Natoons Adventure Boards.",
                  "type": "PRIZE",
                  "heroCount": 150,
                  "totalWinners": null,
                  "cadence": null,
                  "prizeItems": [
                    "data",
                    "car"
                  ],
                  "prizeValueHint": null,
                  "confidence": 0.6,
                  "viaRedemption": false,
                  "giftCard": null
                },
                {
                  "brand": "AP-SOUTHEAST-2",
                  "url": "https://ap-southeast-2.graphassets.com/AY4aDPEmTRrKdZ4jgHiscz/cmbr6yjzfyqw6072vyro8jeep",
                  "source": "Source: ap-southeast-2.graphassets.com (https://ap-southeast-2.graphassets.com/AY4aDPEmTRrKdZ4jgHiscz/cmbr6yjzfyqw6072vyro8jeep)",
                  "title": "PR240643 - Conversion - Nutella and Kinder Biscuits Promotion",
                  "headline": "Entries open at 12:00am AEST on 16/07/25 and close at 11:59pm AEST on 26/08/25. (‚ÄúCompetition Period‚Äù). Who can enter?",
                  "type": "PRIZE",
                  "heroCount": null,
                  "totalWinners": null,
                  "cadence": null,
                  "prizeItems": [
                    "tv",
                    "giftcard",
                    "car"
                  ],
                  "prizeValueHint": "$79",
                  "confidence": 0.6,
                  "viaRedemption": false,
                  "giftCard": null
                },
                {
                  "brand": "FERRERO",
                  "url": "https://www.ferrero.com/int/en/news-stories/news/tic-tac-launches-new-choose-your-match-campaign",
                  "source": "Source: ferrero.com (https://www.ferrero.com/int/en/news-stories/news/tic-tac-launches-new-choose-your-match-campaign)",
                  "title": "Tic Tac Launches &#039;Choose Your Match&#039; Campaign - Vote for the Next Limited-Edition Flavor | Ferrero",
                  "headline": "Join Tic Tac's 'Choose Your Match' campaign and help decide the next limited-edition flavor! Explore new refreshing Tic Tac flavors, ...",
                  "type": "PRIZE",
                  "heroCount": null,
                  "totalWinners": null,
                  "cadence": null,
                  "prizeItems": [
                    "car",
                    "plan",
                    "data",
                    "trip",
                    "tv"
                  ],
                  "prizeValueHint": null,
                  "confidence": 0.6,
                  "viaRedemption": false,
                  "giftCard": null
                },
                {
                  "brand": "EMPORIUMSHOWBAGS",
                  "url": "https://emporiumshowbags.com.au/terms-and-conditions/",
                  "source": "Source: emporiumshowbags.com.au (https://emporiumshowbags.com.au/terms-and-conditions/)",
                  "title": "Terms and Conditions | Emporium Showbags",
                  "headline": "Winners will be posted on @‚Äåemporiumshowbags Instagram stories at 7pm Wednesday 24th September 2025 AEDT. Winner will be contacted through our official ...",
                  "type": "PRIZE",
                  "heroCount": null,
                  "totalWinners": null,
                  "cadence": null,
                  "prizeItems": [
                    "data",
                    "car",
                    "cash",
                    "gift card",
                    "voucher",
                    "tv"
                  ],
                  "prizeValueHint": "$500",
                  "confidence": 0.6,
                  "viaRedemption": false,
                  "giftCard": null
                },
                {
                  "brand": "Gelatissimo",
                  "url": "https://gelatissimo.com.au/gelatissimo-marion-birthday-giveaway-tcs/",
                  "source": "Source: gelatissimo.com.au (https://gelatissimo.com.au/gelatissimo-marion-birthday-giveaway-tcs/)",
                  "title": "Gelatissimo Marion Birthday Giveaway T&amp;Cs - Gelatissimo",
                  "headline": "Gelatissimo Marion Birthday Giveaway T&#038;Cs",
                  "type": "PRIZE",
                  "heroCount": null,
                  "totalWinners": null,
                  "cadence": "daily",
                  "prizeItems": [
                    "data",
                    "car",
                    "gift card",
                    "cash",
                    "tv"
                  ],
                  "prizeValueHint": "$500",
                  "confidence": 0.6,
                  "viaRedemption": false,
                  "giftCard": null
                },
                {
                  "brand": "GELATISSIMO",
                  "url": "https://gelatissimo.com.au/social-competition-terms-conditions/",
                  "source": "Source: gelatissimo.com.au (https://gelatissimo.com.au/social-competition-terms-conditions/)",
                  "title": "Social Competitions - Terms &amp; Conditions - Gelatissimo",
                  "headline": "Social Competitions &#8211; Terms &#038; Conditions",
                  "type": "PRIZE",
                  "heroCount": null,
                  "totalWinners": null,
                  "cadence": "daily",
                  "prizeItems": [
                    "data",
                    "car",
                    "gift card",
                    "cash",
                    "tv"
                  ],
                  "prizeValueHint": "$20",
                  "confidence": 0.6,
                  "viaRedemption": false,
                  "giftCard": null
                },
                {
                  "brand": "GELATISSIMO",
                  "url": "https://gelatissimo.com.au/turtally-awesome-colouring-in-competition/",
                  "source": "Source: gelatissimo.com.au (https://gelatissimo.com.au/turtally-awesome-colouring-in-competition/)",
                  "title": "Turtally Awesome Colouring In Competition - Gelatissimo",
                  "headline": "Turtally Awesome Colouring In Competition",
                  "type": "PRIZE",
                  "heroCount": 46,
                  "totalWinners": null,
                  "cadence": "daily",
                  "prizeItems": [
                    "data",
                    "car",
                    "cash",
                    "plan",
                    "gift card",
                    "tv"
                  ],
                  "prizeValueHint": "$49",
                  "confidence": 0.6,
                  "viaRedemption": false,
                  "giftCard": null
                },
                {
                  "brand": "GELATISSIMO",
                  "url": "https://gelatissimo.com.au/celebrate-mont-blanc-moccamaster-giveaway-tcs/",
                  "source": "Source: gelatissimo.com.au (https://gelatissimo.com.au/celebrate-mont-blanc-moccamaster-giveaway-tcs/)",
                  "title": "Celebrate Mont Blanc - Moccamaster Giveaway T&amp;Cs - Gelatissimo",
                  "headline": "Celebrate Mont Blanc &#8211; Moccamaster Giveaway T&#038;Cs",
                  "type": "PRIZE",
                  "heroCount": null,
                  "totalWinners": null,
                  "cadence": "daily",
                  "prizeItems": [
                    "data",
                    "car",
                    "cash",
                    "gift card",
                    "tv"
                  ],
                  "prizeValueHint": "$600",
                  "confidence": 0.6,
                  "viaRedemption": false,
                  "giftCard": null
                },
                {
                  "brand": "Gelatissimo",
                  "url": "https://gelatissimo.com.au/gelatissimo-x-transformers-one-merchandise-competition-terms-conditions/",
                  "source": "Source: gelatissimo.com.au (https://gelatissimo.com.au/gelatissimo-x-transformers-one-merchandise-competition-terms-conditions/)",
                  "title": "Gelatissimo x TRANSFORMERS ONE Merchandise Competition Terms &amp; Conditions - Gelatissimo",
                  "headline": "Gelatissimo x TRANSFORMERS ONE Merchandise Competition Terms &#038; Conditions",
                  "type": "PRIZE",
                  "heroCount": 15,
                  "totalWinners": null,
                  "cadence": "daily",
                  "prizeItems": [
                    "data",
                    "car",
                    "cash",
                    "plan",
                    "gift card",
                    "tv"
                  ],
                  "prizeValueHint": "$500",
                  "confidence": 0.6,
                  "viaRedemption": false,
                  "giftCard": null
                }
              ]
            },
            "retailers": {
              "names": [
                "Coles",
                "Woolworths",
                "ALDI",
                "IGA",
                "7-Eleven",
                "IGA / Metcash",
                "Convenience chains (7-Eleven, NightOwl)"
              ],
              "facts": [
                {
                  "claim": "Shop Wicked Sister Products Online ‚Äî Spend $20 in one transaction, scan your Flybuys and receive one bonus ... Coles Online - Hawthorn East, Victoria Australia 3123 ¬© Copyright Coles 2025 ...",
                  "source": "Source: coles.com.au (https://www.coles.com.au/brands/wicked-sister-2243304464?srsltid=AfmBOorYQ8EpCARESOfggSYw6a0kH6Cd3I8WTHdJ2uPnxIgPwdEmQSyX)"
                },
                {
                  "claim": "Shop Wicked Products Online ‚Äî Wicked Sister High Protein Chocolate Pudding | 170g. Wicked Sister High Protein Chocolate Pudding | 170g. $3.30. $1.94 per 100g.",
                  "source": "Source: coles.com.au (https://www.coles.com.au/brands/wicked-209964905?srsltid=AfmBOortoQhVbLxDlHASP978vo60t2xIrbty54sQNgLP1XZNkHeuMoVj)"
                },
                {
                  "claim": "Shop Wicked Sister Products Online ‚Äî Shop your way at Coles. Our range of Wicked Sister products at everyday low prices you know and trust. Shop online and get home delivery or click and ...",
                  "source": "Source: coles.com.au (https://www.coles.com.au/brands/wicked-sister-2243304464?srsltid=AfmBOophw4pZ-ovAdz4Yo1Wu-oOmT-q36A_DguVvm1KJ1Y5teT7wiTKK)"
                },
                {
                  "claim": "Browse Frozen Desserts ‚Äî Frozen Desserts ; Sara Lee Lemon Cheesecake | 410g ¬∑ $2.20 per 100g ; Sara Lee Frozen Chocolate Buttercake | 350g ¬∑ $2.57 per 100g ; Sara Lee ...",
                  "source": "Source: coles.com.au (https://www.coles.com.au/browse/frozen/frozen-desserts?srsltid=AfmBOoqADk4B-Ru-b16VsUXkYkjrkoV-PHhDU49mf67OBdGP2in7EG7t)"
                },
                {
                  "claim": "Browse Assorted Desserts ‚Äî Assorted Desserts ; Sara Lee Frozen Chocolate Buttercake | 350g ¬∑ $9.00. $2.57 per 100g ; Coles Finest Triple Chocolate Buche | 470g ¬∑ $18.00.",
                  "source": "Source: coles.com.au (https://www.coles.com.au/browse/frozen/frozen-desserts/assorted-desserts?srsltid=AfmBOoqLhpCXuJ8382fayyc4PQ8RPG3OAm3owlAHdkMPjR1g9IWQL5_N)"
                },
                {
                  "claim": "Browse Frozen ‚Äî Binggrae Samanco Dessert Sandwich 4 Pack. Frozen dessert with strawberry or red bean flavours. Shop Now.",
                  "source": "Source: coles.com.au (https://www.coles.com.au/browse/frozen?srsltid=AfmBOooaZxqdFdACnLS3yFGQgsu_guylkITN7tX67HTQrC-MnBEEpot1)"
                },
                {
                  "claim": "Browse Ice Cream ‚Äî Proud & Punch Coconuts For Mango Frozen Dessert 6 Pack | 450mL. Proud & Punch Coconuts For Mango Frozen Dessert 6 Pack | 450mL. $4.25.",
                  "source": "Source: coles.com.au (https://www.coles.com.au/browse/frozen/ice-cream?srsltid=AfmBOopKVUD0tKALr3q2cigrPI24lPrC5JUNTGfeZWP0tHdIiJ964h_W)"
                },
                {
                  "claim": "Browse Cakes & Cheesecakes ‚Äî Sara Lee Lemon Cheesecake | 410g ¬∑ $2.20 per 100g ; Sara Lee Frozen Chocolate Buttercake | 350g ¬∑ $2.57 per 100g ; Sara Lee Frozen Chocolate ...",
                  "source": "Source: coles.com.au (https://www.coles.com.au/browse/frozen/frozen-desserts/cakes-cheesecakes?srsltid=AfmBOoqRuWbhAPkO3Sbtpqm1KvK3E9gS8F9j4TO18tYXyN36IOJMwGxq)"
                }
              ]
            },
            "season": {
              "label": "Spring in Australia",
              "facts": []
            },
            "market": {
              "facts": [
                {
                  "claim": "Bridging the gap: Trends and challenges in grocery and retail ‚Äî With consumers increasingly seeking convenience, food-to-go and meal solutions are becoming increasingly popular. While many grocery retailers ...",
                  "source": "Source: retail.org.au (https://www.retail.org.au/news-and-insights/bridging-the-gap-trends-and-challenges-in-grocery-and-retail)"
                },
                {
                  "claim": "Supermarkets and Grocery Stores in Australia ‚Äî Trends and Insights ¬∑ ACCC's supermarket inquiry has highlighted key industry dynamics. ¬∑ Changing consumer trends are causing a shift in store product mixes.",
                  "source": "Source: ibisworld.com (https://www.ibisworld.com/australia/industry/supermarkets-and-grocery-stores/1834/)"
                },
                {
                  "claim": "Australian Retail Outlook 2025 ‚Äî Retail sector trends and insights for 2025, including digital evolution, customer experience, sustainability and supply chain optimisation.",
                  "source": "Source: kpmg.com (https://kpmg.com/au/en/insights/industry/australian-retail-outlook.html)"
                },
                {
                  "claim": "People infer better odds when many winners are visible; cadence visibility (e.g., daily awards) increases perceived fairness.",
                  "source": "Source: indicative (behavioural marketing literature)"
                }
              ]
            },
            "signals": {
              "facts": [
                {
                  "claim": "Client: Wicked Sister",
                  "source": "Source: brief"
                },
                {
                  "claim": "Brand: Wicked Sister",
                  "source": "Source: brief"
                },
                {
                  "claim": "Campaign objective: Drive two-pack purchases and capture opted-in dessert fans before the Wicked film release.",
                  "source": "Source: brief"
                },
                {
                  "claim": "Promotion type: INSTANT_WIN",
                  "source": "Source: brief"
                },
                {
                  "claim": "Mechanic: Buy 2 products, upload receipts and discover instantly if you‚Äôve scored a movie ticket.",
                  "source": "Source: brief"
                },
                {
                  "claim": "Hook: Win a Movie Ticket Instantly",
                  "source": "Source: brief"
                },
                {
                  "claim": "Channels: In-store",
                  "source": "Source: brief"
                },
                {
                  "claim": "Channels: Social",
                  "source": "Source: brief"
                },
                {
                  "claim": "Channels: Digital",
                  "source": "Source: brief"
                },
                {
                  "claim": "Channels: Influencer",
                  "source": "Source: brief"
                },
                {
                  "claim": "Channels: Retail Media",
                  "source": "Source: brief"
                },
                {
                  "claim": "Channels: GROCERY",
                  "source": "Source: brief"
                },
                {
                  "claim": "Channels: CONVENIENCE",
                  "source": "Source: brief"
                },
                {
                  "claim": "Season/theme: Spring",
                  "source": "Source: brief"
                },
                {
                  "claim": "Staff burden: ZERO",
                  "source": "Source: brief"
                },
                {
                  "claim": "Proof requirement: FULL_RECEIPT",
                  "source": "Source: brief"
                },
                {
                  "claim": "Entry mechanic cues: Win a Movie Ticket Instantly",
                  "source": "Source: brief"
                },
                {
                  "claim": "Entry mechanic cues: Buy 2 products, upload receipts and discover instantly if you‚Äôve scored a movie ticket.",
                  "source": "Source: brief"
                },
                {
                  "claim": "Campaign title: Spring Movie Launch",
                  "source": "Source: brief"
                },
                {
                  "claim": "IP tie-in briefed (licensed): Wicked ‚Äî For Good | type: FILM | window: November 2025.",
                  "source": "Source: brief"
                },
                {
                  "claim": "Recent promos show hero prize counts clustering around ~35.5 (mode ‚âà 1).",
                  "source": "Source: indicative (live promo scan)"
                },
                {
                  "claim": "Cadence cues common in-market: instant & weekly & daily.",
                  "source": "Source: indicative (live promo scan)"
                }
              ]
            },
            "benchmarks": {
              "heroPrize": {
                "median": 35.5,
                "mode": 1
              },
              "cadenceShare": {
                "instant": 0.3529411764705883,
                "weekly": 0.2352941176470588,
                "daily": 0.4117647058823529
              },
              "manyWinnersShare": 0,
              "prizeCountsObserved": {
                "total": 10,
                "common": [
                  {
                    "count": 1,
                    "share": 0.2
                  },
                  {
                    "count": 150,
                    "share": 0.2
                  },
                  {
                    "count": 3,
                    "share": 0.1
                  }
                ]
              },
              "recommendedHeroCount": 3,
              "positionVsMarket": "UNKNOWN"
            },
            "meta": {
              "level": "MAX",
              "warnings": [],
              "usedFallbacks": [],
              "searchProvider": "serper",
              "logs": [
                "search:serper:The Wicked Sisters shopper promotion AU -> 6",
                "search:serper:The Wicked Sisters Coles promotion AU -> 6",
                "search:serper:Frozen dessert Australia market trend -> 6",
                "search:serper:Australia grocery & convenience retail trends -> 6",
                "search:serper:The Wicked Sisters shopper insights AU -> 6",
                "search:serper:Frozen dessert promotion Australia -> 6",
                "search:serper:The Wicked Sisters consumer insights AU -> 6",
                "search:serper:The Wicked Sisters consumer research AU -> 6",
                "search:serper:The Wicked Sisters Coles activation Australia -> 6",
                "search:serper:Frozen dessert category growth Australia -> 6",
                "search:serper:The Wicked Sisters brand campaign AU -> 6",
                "search:serper:The Wicked Sisters buyer insight AU -> 6",
                "search:serper:The Wicked Sisters Coles buyer pitch -> 6",
                "search:serper:The Wicked Sisters market share AU -> 6",
                "search:serper:The Wicked Sisters audience profile Australia -> 6",
                "search:serper:The Wicked Sisters Drive two-pack purchases and capture opted-in dessert fans before the Wicked film release. promotion AU -> 6",
                "search:serper:The Wicked Sisters Coles range review -> 6",
                "search:serper:The Wicked Sisters category performance AU -> 6",
                "search:serper:Primary grocery buyers shopper insights AU -> 6",
                "search:serper:The Wicked Sisters Coles case study -> 6",
                "search:serper:The Wicked Sisters Win a Movie Ticket Instantly promotion AU -> 6",
                "search:serper:The Wicked Sisters sales growth AU -> 6",
                "search:serper:Primary grocery buyers promotion response AU -> 6",
                "search:serper:The Wicked Sisters Woolworths promotion AU -> 6",
                "search:serper:The Wicked Sisters Buy 2 products, upload receipts and discover instantly if you‚Äôve scored a movie ticket. promotion AU -> 6",
                "search:serper:The Wicked Sisters Woolworths activation Australia -> 6",
                "search:serper:The Wicked Sisters Australia -> 6",
                "search:serper:They reward the family with purposeful treats that feel magical but still practical. shopper insights AU -> 6",
                "search:serper:The Wicked Sisters prize draw Australia -> 6",
                "search:serper:The Wicked Sisters Woolworths buyer pitch -> 6",
                "search:serper:They reward the family with purposeful treats that feel magical but still practical. promotion response AU -> 6",
                "search:serper:Plans movie nights, shares dessert finds on social, responds to retailer app notifications. shopper insights AU -> 6",
                "search:serper:The Wicked Sisters Woolworths range review -> 6",
                "search:serper:The Wicked Sisters Woolworths case study -> 6",
                "search:serper:Plans movie nights, shares dessert finds on social, responds to retailer app notifications. promotion response AU -> 6",
                "search:serper:In-store shopper behaviour AU -> 6",
                "search:serper:The Wicked Sisters ALDI promotion AU -> 6",
                "search:serper:The Wicked Sisters ALDI activation Australia -> 6",
                "search:serper:Social shopper behaviour AU -> 6",
                "search:serper:The Wicked Sisters ALDI buyer pitch -> 6",
                "search:serper:Digital shopper behaviour AU -> 6",
                "search:serper:Influencer shopper behaviour AU -> 6",
                "search:serper:The Wicked Sisters ALDI range review -> 6",
                "search:serper:The Wicked Sisters ALDI case study -> 6",
                "search:serper:Australia grocery shopper promotion trends -> 6",
                "search:serper:The Wicked Sisters IGA promotion AU -> 6",
                "search:serper:front-of-store impulse purchase research Australia -> 6",
                "search:serper:The Wicked Sisters IGA activation Australia -> 6",
                "search:serper:AU retail promotional response study -> 6",
                "search:serper:The Wicked Sisters IGA buyer pitch -> 6",
                "search:serper:The Wicked Sisters IGA range review -> 6",
                "search:serper:The Wicked Sisters IGA case study -> 6",
                "search:serper:The Wicked Sisters 7-Eleven promotion AU -> 6",
                "search:serper:The Wicked Sisters 7-Eleven activation Australia -> 6",
                "search:serper:The Wicked Sisters 7-Eleven buyer pitch -> 6",
                "search:serper:The Wicked Sisters 7-Eleven range review -> 6",
                "search:serper:The Wicked Sisters 7-Eleven case study -> 6",
                "search:serper:The Wicked Sisters IGA / Metcash promotion AU -> 6",
                "search:serper:The Wicked Sisters IGA / Metcash activation Australia -> 6",
                "search:serper:The Wicked Sisters IGA / Metcash buyer pitch -> 2",
                "search:serper:The Wicked Sisters IGA / Metcash range review -> 6",
                "search:serper:The Wicked Sisters IGA / Metcash case study -> 6",
                "search:serper:The Wicked Sisters Convenience chains (7-Eleven, NightOwl) promotion AU -> 6",
                "search:serper:The Wicked Sisters Convenience chains (7-Eleven, NightOwl) activation Australia -> 6",
                "search:serper:The Wicked Sisters Convenience chains (7-Eleven, NightOwl) buyer pitch -> 6",
                "search:serper:The Wicked Sisters Convenience chains (7-Eleven, NightOwl) range review -> 6",
                "search:serper:The Wicked Sisters Convenience chains (7-Eleven, NightOwl) case study -> 6",
                "search:serper:The Wicked Sisters ranging Australia -> 6",
                "search:serper:The Wicked Sisters retail buyer feedback -> 6",
                "search:serper:The Wicked Sisters supermarket partnership Australia -> 6",
                "search:serper:Coles freezer space Frozen dessert AU -> 5",
                "search:serper:Frozen dessert treat cost of living AU -> 5",
                "search:serper:Coles range review Frozen dessert AU -> 5",
                "search:serper:Frozen dessert grocery budget indulgence AU -> 5",
                "search:serper:Coles shelf space competition Frozen dessert -> 5",
                "search:serper:Frozen dessert family dessert sharing insight -> 5",
                "search:serper:Woolworths freezer space Frozen dessert AU -> 5",
                "search:serper:Frozen dessert shopper mum buying for family -> 5",
                "search:serper:Woolworths range review Frozen dessert AU -> 5",
                "search:serper:Woolworths shelf space competition Frozen dessert -> 5",
                "search:serper:Frozen dessert affordable luxury Australia -> 5",
                "search:serper:ALDI freezer space Frozen dessert AU -> 5",
                "search:serper:cost of living grocery treat australia -> 5",
                "search:serper:ALDI range review Frozen dessert AU -> 5",
                "search:serper:grocery buyer vs eater insight australia -> 5",
                "search:serper:The Wicked Sisters shopper insight australia -> 5",
                "search:serper:ALDI shelf space competition Frozen dessert -> 5",
                "search:serper:The Wicked Sisters cost of living -> 5",
                "search:serper:IGA freezer space Frozen dessert AU -> 5",
                "search:serper:The Wicked Sisters treat mom insight -> 5",
                "search:serper:IGA range review Frozen dessert AU -> 5",
                "search:serper:IGA shelf space competition Frozen dessert -> 5",
                "search:serper:7-Eleven freezer space Frozen dessert AU -> 5",
                "search:serper:7-Eleven range review Frozen dessert AU -> 5",
                "search:serper:7-Eleven shelf space competition Frozen dessert -> 5",
                "search:serper:IGA / Metcash freezer space Frozen dessert AU -> 5",
                "search:serper:IGA / Metcash range review Frozen dessert AU -> 5",
                "search:serper:IGA / Metcash shelf space competition Frozen dessert -> 5",
                "search:serper:The Wicked Sisters Coles ranging -> 5",
                "search:serper:The Wicked Sisters Woolworths range -> 5",
                "search:serper:The Wicked Sisters freezer facings Australia -> 5",
                "search:serper:Frozen dessert freezer space Australia -> 5",
                "search:serper:Frozen dessert shelf share supermarket -> 5",
                "search:serper:Frozen dessert private label competition Australia -> 5",
                "search:serper:Frozen dessert range review Coles -> 5",
                "search:serper:Frozen dessert range review Woolworths -> 5",
                "search:serper:Frozen dessert independent grocer freezer -> 5",
                "search:serper:Rokeby Farms freezer space Coles -> 5",
                "search:serper:Rokeby Farms Woolworths freezer -> 5",
                "search:serper:Priestley‚Äôs Gourmet Delights freezer space Coles -> 5",
                "search:serper:Priestley‚Äôs Gourmet Delights Woolworths freezer -> 5",
                "search:serper:Jillian's Cakery freezer space Coles -> 5",
                "search:serper:Rokeby Farms promotion AU -> 6",
                "search:serper:Rokeby Farms competition AU -> 6",
                "search:serper:Priestley‚Äôs Gourmet Delights promotion AU -> 6",
                "search:serper:Priestley‚Äôs Gourmet Delights competition AU -> 6",
                "search:serper:Jillian's Cakery promotion AU -> 6",
                "search:serper:Jillian's Cakery competition AU -> 6",
                "search:serper:Belle Fleur promotion AU -> 6",
                "search:serper:Belle Fleur competition AU -> 6",
                "search:serper:Beak & Johnston promotion AU -> 6",
                "search:serper:Beak & Johnston competition AU -> 6",
                "search:serper:Carman's promotion AU -> 6",
                "search:serper:Carman's competition AU -> 6",
                "search:serper:Pauls PLUS+ promotion AU -> 6",
                "search:serper:Pauls PLUS+ competition AU -> 6",
                "search:serper:Chobani promotion AU -> 6",
                "search:serper:Chobani competition AU -> 6",
                "search:serper:Rokeby Farms brand overview AU -> 6",
                "search:serper:Rokeby Farms chilled dessert brand Australia -> 6",
                "search:serper:Rokeby Farms shopper insight AU -> 6",
                "search:serper:Rokeby Farms retail distribution Australia -> 6",
                "search:serper:The Wicked Sisters vs Rokeby Farms -> 6",
                "search:serper:The Wicked Sisters and Rokeby Farms market share -> 6",
                "search:serper:The Wicked Sisters Rokeby Farms comparison Australia -> 6",
                "search:serper:Priestley‚Äôs Gourmet Delights brand overview AU -> 6",
                "search:serper:Priestley‚Äôs Gourmet Delights chilled dessert brand Australia -> 6",
                "search:serper:Priestley‚Äôs Gourmet Delights shopper insight AU -> 6",
                "search:serper:Priestley‚Äôs Gourmet Delights retail distribution Australia -> 6",
                "search:serper:The Wicked Sisters vs Priestley‚Äôs Gourmet Delights -> 6",
                "search:serper:The Wicked Sisters and Priestley‚Äôs Gourmet Delights market share -> 6",
                "search:serper:The Wicked Sisters Priestley‚Äôs Gourmet Delights comparison Australia -> 6",
                "search:serper:Jillian's Cakery brand overview AU -> 6",
                "search:serper:Jillian's Cakery chilled dessert brand Australia -> 6",
                "search:serper:Jillian's Cakery shopper insight AU -> 6",
                "search:serper:Jillian's Cakery retail distribution Australia -> 6",
                "search:serper:The Wicked Sisters vs Jillian's Cakery -> 6",
                "search:serper:The Wicked Sisters and Jillian's Cakery market share -> 6",
                "search:serper:The Wicked Sisters Jillian's Cakery comparison Australia -> 6",
                "search:serper:Belle Fleur brand overview AU -> 6",
                "search:serper:Belle Fleur chilled dessert brand Australia -> 6",
                "search:serper:Belle Fleur shopper insight AU -> 6",
                "search:serper:Belle Fleur retail distribution Australia -> 6",
                "search:serper:The Wicked Sisters vs Belle Fleur -> 6",
                "search:serper:The Wicked Sisters and Belle Fleur market share -> 6",
                "search:serper:The Wicked Sisters Belle Fleur comparison Australia -> 6",
                "search:serper:Beak & Johnston brand overview AU -> 6",
                "search:serper:Beak & Johnston chilled dessert brand Australia -> 6",
                "search:serper:Beak & Johnston shopper insight AU -> 6",
                "search:serper:Beak & Johnston retail distribution Australia -> 6",
                "search:serper:The Wicked Sisters vs Beak & Johnston -> 6",
                "search:serper:The Wicked Sisters and Beak & Johnston market share -> 6",
                "search:serper:The Wicked Sisters Beak & Johnston comparison Australia -> 6",
                "search:serper:Carman's brand overview AU -> 6",
                "search:serper:Carman's chilled dessert brand Australia -> 6",
                "search:serper:Carman's shopper insight AU -> 6",
                "search:serper:Carman's retail distribution Australia -> 6",
                "search:serper:The Wicked Sisters vs Carman's -> 6",
                "search:serper:The Wicked Sisters and Carman's market share -> 6",
                "search:serper:The Wicked Sisters Carman's comparison Australia -> 6",
                "search:serper:Pauls PLUS+ brand overview AU -> 6",
                "search:serper:Pauls PLUS+ chilled dessert brand Australia -> 6",
                "search:serper:Pauls PLUS+ shopper insight AU -> 6",
                "search:serper:Pauls PLUS+ retail distribution Australia -> 6",
                "search:serper:The Wicked Sisters vs Pauls PLUS+ -> 6",
                "search:serper:The Wicked Sisters and Pauls PLUS+ market share -> 6",
                "editorial:success",
                "catType=GENERIC",
                "liquorSub=UNKNOWN",
                "assured=false",
                "promos_collected=83",
                "benchmarks={\"heroPrize\":{\"median\":35.5,\"mode\":1},\"cadenceShare\":{\"instant\":0.35294117647058826,\"weekly\":0.23529411764705882,\"daily\":0.4117647058823529},\"manyWinnersShare\":0,\"prizeCountsObserved\":{\"total\":10,\"common\":[{\"count\":1,\"share\":0.2},{\"count\":150,\"share\":0.2},{\"count\":3,\"share\":0.1}]},\"recommendedHeroCount\":3,\"positionVsMarket\":\"UNKNOWN\"}"
              ],
              "cachedAt": "2025-11-01T07:36:39.136Z"
            },
            "insights": {
              "brand": [
                {
                  "text": "Wicked Sister x Wicked ‚Äî Purchase any two packs of Wicked Sister Products for your chance to instantly win a movie ticket!",
                  "source": "wickedsisterwin.com.au"
                },
                {
                  "text": "FAQs - Wicked Sister x Wicked ‚Äî Buy any 2 packs of Wicked Sister products in one transaction from a Woolworths store during the Woolworths Exclusive promotion period. Then go ...",
                  "source": "wickedsisterwin.com.au"
                },
                {
                  "text": "Wicked Sister: Home Page ‚Äî Enjoy wickedly delicious desserts designed for everyday indulgence by Wicked Sister. Explore our wicked range, try recipes and find stockists here.",
                  "source": "wickedsister.com.au"
                }
              ],
              "audience": [
                {
                  "text": "Wicked Sister goes 'For Good' with new Wicked-inspired ... ‚Äî Chilled dessert brand Wicked Sister has launched limited-edition dessert pots inspired by Wicked: For Good film set to premiere next month.",
                  "source": "insidefmcg.com.au"
                },
                {
                  "text": "Paul Polly from Wicked Sister | Determined to succeed ‚Äî This is the story of Paul Polly and Wicked Sister desserts. Learn how he went from one pot to a $12 million factory.",
                  "source": "nab.com.au"
                },
                {
                  "text": "Wicked Sister bulks up protein pudding pack size ‚Äî With 15 grams of protein per serving and available in chocolate, strawberry, banana, along with a new vanilla flavour, these join the wider 170 ...",
                  "source": "foodanddrinkbusiness.com.au"
                }
              ],
              "retailers": [
                {
                  "text": "Shop Wicked Sister Products Online ‚Äî Spend $20 in one transaction, scan your Flybuys and receive one bonus ... Coles Online - Hawthorn East, Victoria Australia 3123 ¬© Copyright Coles 2025 ...",
                  "source": "coles.com.au"
                },
                {
                  "text": "Shop Wicked Products Online ‚Äî Wicked Sister High Protein Chocolate Pudding | 170g. Wicked Sister High Protein Chocolate Pudding | 170g. $3.30. $1.94 per 100g.",
                  "source": "coles.com.au"
                },
                {
                  "text": "Shop Wicked Sister Products Online ‚Äî Shop your way at Coles. Our range of Wicked Sister products at everyday low prices you know and trust. Shop online and get home delivery or click and ...",
                  "source": "coles.com.au"
                },
                {
                  "text": "Browse Frozen Desserts ‚Äî Frozen Desserts ; Sara Lee Lemon Cheesecake | 410g ¬∑ $2.20 per 100g ; Sara Lee Frozen Chocolate Buttercake | 350g ¬∑ $2.57 per 100g ; Sara Lee ...",
                  "source": "coles.com.au"
                }
              ],
              "market": [
                {
                  "text": "Bridging the gap: Trends and challenges in grocery and retail ‚Äî With consumers increasingly seeking convenience, food-to-go and meal solutions are becoming increasingly popular. While many grocery retailers ...",
                  "source": "retail.org.au"
                },
                {
                  "text": "Supermarkets and Grocery Stores in Australia ‚Äî Trends and Insights ¬∑ ACCC's supermarket inquiry has highlighted key industry dynamics. ¬∑ Changing consumer trends are causing a shift in store product mixes.",
                  "source": "ibisworld.com"
                },
                {
                  "text": "Australian Retail Outlook 2025 ‚Äî Retail sector trends and insights for 2025, including digital evolution, customer experience, sustainability and supply chain optimisation.",
                  "source": "kpmg.com"
                }
              ],
              "signals": [
                {
                  "text": "Client: Wicked Sister",
                  "source": "brief"
                },
                {
                  "text": "Brand: Wicked Sister",
                  "source": "brief"
                },
                {
                  "text": "Campaign objective: Drive two-pack purchases and capture opted-in dessert fans before the Wicked film release.",
                  "source": "brief"
                },
                {
                  "text": "Promotion type: INSTANT_WIN",
                  "source": "brief"
                }
              ],
              "competitors": [
                {
                  "text": "Brief competitor: Streets",
                  "source": "brief"
                },
                {
                  "text": "Rokeby Farms Chocolate Protein Smoothie 6 x 425ml ‚Äî Rokeby Farms Chocolate Protein Smoothie 6 x 425ml is a protein drink providing all 9 essential amino acids while providing sustained energy and fullness.",
                  "source": "costco.com.au"
                },
                {
                  "text": "Rokeby Farms ‚Äî All Rokeby Farms products are now available with Subscribe & Save ¬∑ Enjoy 5% off on every recurring order!",
                  "source": "bulkeatswarehouse.com.au"
                },
                {
                  "text": "Rokeby Nutrition ‚Äî Rokeby is a nutrition food company based in Melbourne. We make a range of award-winning dairy products to enjoy as part of a healthy lifestyle.",
                  "source": "rokebynutrition.com"
                }
              ]
            },
            "dossier": {
              "brandTruths": [
                {
                  "text": "Wicked Sister is leveraging the excitement of the upcoming 'Wicked: For Good' film by launching a limited-edition dessert pot range, aiming to drive consumer engagement through a movie-themed promotion.",
                  "source": "insidefmcg.com.au"
                },
                {
                  "text": "The brand's promotion offers an instant win mechanic, where purchasing two packs of Wicked Sister products gives consumers a chance to win movie tickets, effectively incentivizing multi-pack purchases.",
                  "source": "wickedsisterwin.com.au"
                }
              ],
              "shopperTensions": [
                {
                  "text": "Consumers are increasingly seeking convenience and indulgence, yet face cost-of-living pressures that may limit discretionary spending on premium desserts.",
                  "source": "retail.org.au"
                },
                {
                  "text": "While Wicked Sister positions itself as an everyday indulgence, the need to balance health-conscious choices with indulgence may create tension for health-aware consumers.",
                  "source": "wickedsister.com.au"
                }
              ],
              "retailerReality": [
                {
                  "text": "Coles and Woolworths dominate the retail landscape, with exclusive promotions like the Wicked Sister x Wicked campaign running through Woolworths, highlighting the retailer's clout in driving brand visibility.",
                  "source": "coles.com.au"
                },
                {
                  "text": "Freezer congestion in major supermarkets can limit shelf space for new product launches, making strategic partnerships with retailers crucial for visibility.",
                  "source": "woolworths.com.au"
                }
              ],
              "competitorMoves": [
                {
                  "text": "Rokeby Farms is expanding its product range with high-protein offerings, appealing to health-conscious consumers and potentially diverting attention from indulgent dessert options.",
                  "source": "rokebynutrition.com"
                },
                {
                  "text": "Competitors like Streets continue to maintain strong market presence, emphasizing the need for Wicked Sister to differentiate through unique promotions and partnerships.",
                  "source": "brief"
                }
              ],
              "categorySignals": [
                {
                  "text": "The frozen desserts market is projected to grow significantly, with a CAGR of approximately 5.4% from 2024 to 2034, indicating a robust opportunity for brands like Wicked Sister to capture market share.",
                  "source": "globalinsightservices.com"
                },
                {
                  "text": "The Australian ice cream market is expected to grow at a slower pace, with a 1.51% CAGR, suggesting that innovation and unique marketing strategies will be key to driving growth in the frozen dessert segment.",
                  "source": "expertmarketresearch.com.au"
                }
              ],
              "benchmarks": []
            }
          },
          "benchmarks": {
            "cashback": {
              "sample": 0,
              "typicalAbs": null,
              "maxAbs": null,
              "typicalPct": null,
              "maxPct": null,
              "p25": null,
              "p75": null,
              "sources": []
            },
            "prizeCountsObserved": {
              "total": 0,
              "common": []
            },
            "recommendedHeroCount": 3,
            "positionVsMarket": "UNKNOWN"
          },
          "priorOpinion": "The spring movie launch for Wicked Sister offers a chance to disrupt the frozen dessert market with a magical twist. This moment aligns perfectly with the upcoming Wicked: For Good film, capturing both the enchantment of cinema and the indulgence of desserts. As the market is set to grow at a 7.77% CAGR, seizing this opportunity can establish Wicked Sister as a category leader (Source: imarcgroup.com). Today, the plan works because it taps into the shopper‚Äôs desire for immediate gratification and shared experiences. The instant win mechanic aligns with the brand‚Äôs playful tone, while the film tie-in adds a layer of thematic magic. Retailers like Coles and Woolworths are primed for promotions that increase basket size without burdening staff (Source: coles.com.au). The cultural timing, with the film‚Äôs release, ensures heightened consumer interest and engagement. To improve, convert single movie tickets to double passes. This change enhances perceived value and emotional engagement, capitalizing on the film‚Äôs shared magic theme. Implement a daily winner cadence to maintain excitement and urgency, using digital channels to announce winners. This approach respects operational constraints and maximizes consumer touchpoints. The Strategist‚Äôs insight shows that a shared reward aligns with the cultural moment, increasing the promotion‚Äôs appeal. Retailers will appreciate the streamlined operations. No additional staff lift is reqred, as the digital-first approach ensures seamless integration. The buy-two mechanic promises increased basket size, defending freezer space against competitors like Streets and Sara Lee. The plan fits within current operational realities, ensuring retailer buy-in and support. To tighten, focus solely on the double pass upgrade. This pragmatic tweak maintains breadth while doubling emotional engagement, without altering store operations. For a stretch, introduce a hero overlay with grand prizes like a lury cinema experience. Fund this from the existing prize budget, adding aspiration without compromising the broad appeal. This bolder move enhances the fame overlay, aligning with the Wicked IP. ‚ÄúWin a Double Pass Instantly‚Äù ‚ÄúPurchase two, upload receipt, and win instantly.‚Äù",
          "priorImprovement": null,
          "dealbreakers": [
            "Entry is genuinely onerous (mail-in or multi-proof at first step). This will suppress trial."
          ],
          "ideationHarness": null
        },
        "offerIQ": {
          "score": 4.8,
          "verdict": "REVIEW",
          "confidence": 0.5,
          "lenses": {
            "adequacy": {
              "score": 4.5,
              "why": "Expected buyers/entries not provided; adequacy judged via cadence and visibility.",
              "fix": "Add: expected buyers/entries and total winners, or show ‚ÄúTotal winners‚Äù and cadence in communications."
            },
            "simplicity": {
              "score": 6.5,
              "why": "Some admin implied (fields/proof or wait time).",
              "fix": "Keep claim one-screen; limit fields; good OCR; publish timelines."
            },
            "certainty": {
              "score": 3.7,
              "why": "Perceived odds unclear; cadence thin.",
              "fix": "Show cadence and ‚ÄúTotal winners‚Äù; avoid fine print that hides odds."
            },
            "salience": {
              "score": 4,
              "why": "Needs a visible moment or total-winners headline.",
              "fix": "Publish ‚ÄúTotal winners‚Äù and name the cadence; add a bold moment line."
            },
            "talkability": {
              "score": 5,
              "why": "Seasonal hook helps.",
              "fix": "Add a brand-right experiential or symbolic angle."
            },
            "retailerFit": {
              "score": 6,
              "why": "Ensure any adjudication is central; ship pre-packed POS.",
              "fix": "Keep staff script ‚â§5s; no in-store adjudication."
            },
            "brandFit": {
              "score": 5,
              "why": "Feels generic; weak brand lock.",
              "fix": "Lock line and visuals to distinctive assets and the brand‚Äôs functional truth."
            }
          },
          "hardFlags": [],
          "recommendations": [
            "Add: expected buyers/entries and total winners, or show ‚ÄúTotal winners‚Äù and cadence in communications.",
            "Keep claim one-screen; limit fields; good OCR; publish timelines.",
            "Publish ‚ÄúTotal winners‚Äù and name the cadence; add a bold moment line.",
            "Publish ‚ÄúTotal winners‚Äù and show cadence prominently.",
            "Add visible cadence (instant or weekly) to match in-market fairness signals."
          ],
          "asks": [
            "Provide expected buyers/entries (range)."
          ],
          "mode": "PRIZE",
          "diagnostics": {
            "valueAmount": 0,
            "aspAnchor": 100,
            "expectedBuyers": null,
            "totalWinners": 2010,
            "coverageRate": null,
            "cadenceSignals": false,
            "symbolicSignals": false,
            "headlineMax": 0,
            "banded": false,
            "overlay": false,
            "overlayExperiential": false,
            "overlayLabel": "",
            "researchBenchmarks": {
              "heroPrize": {
                "median": 35.5,
                "mode": 1
              },
              "cadenceShare": {
                "instant": 0.3529411764705883,
                "weekly": 0.2352941176470588,
                "daily": 0.4117647058823529
              },
              "manyWinnersShare": 0,
              "prizeCountsObserved": {
                "total": 10,
                "common": [
                  {
                    "count": 1,
                    "share": 0.2
                  },
                  {
                    "count": 150,
                    "share": 0.2
                  },
                  {
                    "count": 3,
                    "share": 0.1
                  }
                ]
              },
              "recommendedHeroCount": 3,
              "positionVsMarket": "UNKNOWN"
            },
            "cashbackVsMarket": "UNKNOWN",
            "heroVsMarket": "UNKNOWN"
          }
        },
        "research": {
          "brand": {
            "query": "The Wicked Sisters",
            "summary": "The Wicked Sisters is a Russian fairy tale collected by Alexander Afanasyev in Narodnye russkie skazki.",
            "facts": [
              {
                "claim": "Wicked Sister x Wicked ‚Äî Purchase any two packs of Wicked Sister Products for your chance to instantly win a movie ticket!",
                "source": "Source: wickedsisterwin.com.au (https://wickedsisterwin.com.au/)"
              },
              {
                "claim": "FAQs - Wicked Sister x Wicked ‚Äî Buy any 2 packs of Wicked Sister products in one transaction from a Woolworths store during the Woolworths Exclusive promotion period. Then go ...",
                "source": "Source: wickedsisterwin.com.au (https://wickedsisterwin.com.au/faq)"
              },
              {
                "claim": "Wicked Sister: Home Page ‚Äî Enjoy wickedly delicious desserts designed for everyday indulgence by Wicked Sister. Explore our wicked range, try recipes and find stockists here.",
                "source": "Source: wickedsister.com.au (https://www.wickedsister.com.au/)"
              }
            ]
          },
          "audience": {
            "notes": "Primary grocery buyers ‚Ä¢ They reward the family with purposeful treats that feel magical but still practical. ‚Ä¢ Plans movie nights, shares dessert finds on social, responds to retailer app notifications.",
            "facts": [
              {
                "claim": "Wicked Sister goes 'For Good' with new Wicked-inspired ... ‚Äî Chilled dessert brand Wicked Sister has launched limited-edition dessert pots inspired by Wicked: For Good film set to premiere next month.",
                "source": "Source: insidefmcg.com.au (https://insidefmcg.com.au/2025/10/13/wicked-sister-goes-for-good-with-new-wicked-inspired-desserts/)"
              },
              {
                "claim": "Paul Polly from Wicked Sister | Determined to succeed ‚Äî This is the story of Paul Polly and Wicked Sister desserts. Learn how he went from one pot to a $12 million factory.",
                "source": "Source: nab.com.au (https://www.nab.com.au/business/small-business/moments/business-progress/wickedsister)"
              },
              {
                "claim": "Wicked Sister bulks up protein pudding pack size ‚Äî With 15 grams of protein per serving and available in chocolate, strawberry, banana, along with a new vanilla flavour, these join the wider 170 ...",
                "source": "Source: foodanddrinkbusiness.com.au (https://www.foodanddrinkbusiness.com.au/new-in-store/wicked-sister-bulks-up-protein-pudding-pack-size)"
              }
            ]
          },
          "category": {
            "query": "Frozen dessert",
            "summary": "Frozen dessert is a dessert made by freezing liquids, semi-solids, and sometimes solids. They may be based on flavored water, on fruit pur√©es, on milk and cream, on custard, on mousse (semifreddo), and others. It is sometimes sold as ice-cream in South Asia and other countries.",
            "facts": [
              {
                "claim": "Frozen dessert is a dessert made by freezing liquids, semi-solids, and sometimes solids. They may be based on flavored water, on fruit pur√©es, on milk and cream, on custard, on mousse (semifreddo), and others. It is sometimes sold as ice-cream in South Asia and other countries.",
                "source": "Source: Wikipedia ‚Äî Frozen dessert (https://en.wikipedia.org/wiki/Frozen%20dessert)"
              },
              {
                "claim": "Australia Ice Cream Market Share, Growth & Forecast 2030 ‚Äî The Australia Ice Cream Market is projected to witness a CAGR of 2.95% for the forecast period between 2023 and 2030.",
                "source": "Source: marketsandata.com (https://www.marketsandata.com/industry-reports/australia-ice-cream-market)"
              },
              {
                "claim": "Australia Ice Cream Market Share, Size, Growth Report ‚Äî The Australia ice cream market, valued at AUD 1407.35 million in 2024, is projected to grow at 1.51% CAGR, reaching AUD 1634.90 million by 2034.",
                "source": "Source: expertmarketresearch.com.au (https://www.expertmarketresearch.com.au/reports/australia-ice-cream-market)"
              },
              {
                "claim": "Frozen Desserts Market Size, Growth, Trends and Forecast ‚Äî Frozen Desserts Market is anticipated to expand from $112.9 billion in 2024 to $191.5 billion by 2034, growing at a CAGR of approximately 5.4%.",
                "source": "Source: globalinsightservices.com (https://www.globalinsightservices.com/reports/frozen-desserts-market/)"
              },
              {
                "claim": "Frozen Desserts ‚Äî Frozen Desserts ; $9.00. $2.40 / 100G. Sara Lee Chocolate Swirl Bavarian 375g. Promoted ; $7.20. $9.00 $2.00 / 100G. Sara Lee French Cream Cheesecake 360g. 4.5 / ...Read more",
                "source": "Source: woolworths.com.au (https://www.woolworths.com.au/shop/browse/freezer/frozen-desserts?srsltid=AfmBOor978BnhC9QQ7V61ixEDkNXooZBKeO_izpimvDYa_XMaM_pK2PV)"
              },
              {
                "claim": "Ice Cream Specials & Offers ‚Äî SAVE $1.90. $7.60. $9.50 $0.76 / 100ML. Sanitarium So Good Vanilla Bliss Frozen Dessert 1L. Add to cart. Save to list. 20% Off. SAVE $3.00. $12.00. $15.00 $2.53 ...Read more",
                "source": "Source: woolworths.com.au (https://www.woolworths.com.au/shop/browse/freezer/ice-cream/ice-cream-specials?srsltid=AfmBOopklJhi7Q-ODSy445CW1x4bWiwbCJfR-Bf19Nz6h5iPuw5p1RoP)"
              }
            ]
          },
          "competitors": {
            "names": [
              "Rokeby Farms",
              "Priestley‚Äôs Gourmet Delights",
              "Jillian's Cakery",
              "Belle Fleur",
              "Beak & Johnston",
              "Carman's",
              "Pauls PLUS+",
              "Chobani",
              "Sara Lee",
              "Streets",
              "Ferrero Australia",
              "Gelatissimo"
            ],
            "facts": [
              {
                "claim": "Brief competitor: Streets",
                "source": "Source: brief"
              },
              {
                "claim": "Rokeby Farms Chocolate Protein Smoothie 6 x 425ml ‚Äî Rokeby Farms Chocolate Protein Smoothie 6 x 425ml is a protein drink providing all 9 essential amino acids while providing sustained energy and fullness.",
                "source": "Source: costco.com.au (https://www.costco.com.au/Business-Delivery/Beverages/Other-Drinks/Rokeby-Farms-Chocolate-Protein-Smoothie-6-x-425ml/p/163543_BD)"
              },
              {
                "claim": "Rokeby Farms ‚Äî All Rokeby Farms products are now available with Subscribe & Save ¬∑ Enjoy 5% off on every recurring order!",
                "source": "Source: bulkeatswarehouse.com.au (https://bulkeatswarehouse.com.au/collections/rokeby-farms?srsltid=AfmBOor6oarDx_IPDf159c9EL9eQwXX8n14gx1vpjMrGlr10qZ4zQgwm)"
              },
              {
                "claim": "Rokeby Nutrition ‚Äî Rokeby is a nutrition food company based in Melbourne. We make a range of award-winning dairy products to enjoy as part of a healthy lifestyle.",
                "source": "Source: rokebynutrition.com (https://rokebynutrition.com/)"
              },
              {
                "claim": "ROKEBY FARM Archives ‚Äî ROKEBY FARM offers Bold Brew drinks in flavors like Double Shot, Iced Mocha, and Iced Latte, and Protein Smoothies in flavors like Banana Honey & Cinnamon, ...",
                "source": "Source: coast2coastdistributors.com.au (https://coast2coastdistributors.com.au/product-category/alternate-flavoured-milks/rokeby-farm-alternate-flavoured-milks/)"
              },
              {
                "claim": "Shop Rokeby Products Online ‚Äî Shop your way at Coles. Our range of Rokeby products at everyday low prices you know and trust. Shop online and get home delivery or ...",
                "source": "Source: coles.com.au (https://www.coles.com.au/brands/rokeby-811816065?srsltid=AfmBOop9dnVgblMzb0AKajWg_OilDB9BIOzgQmQXynZr2Vt3zHlm3A-e)"
              },
              {
                "claim": "Rokeby Farms Protein Smoothie - Dutch Chocolate ‚Äî $4.95. Rokeby Farms Whole Protein Smoothie! Loaded with real cocoa for natural chocolate goodness. Ingredients: Filtered low fat milk, cane sugar, cream, dutch ...",
                "source": "Source: athletesnutrition.com.au (https://athletesnutrition.com.au/products/copy-of-rokeby-farms-protein-smoothie-banana-honey-cinnamon?srsltid=AfmBOopwuArEAMTQsdUswAhgf4qe8xQLZ0MEHrJwVeh5quVK1ZxLYReF)"
              },
              {
                "claim": "üéâüéâ COMPETITION: To share some smoothie love we are ... ‚Äî COMPETITION: To share some smoothie love we are giving away one lucky Rokeby Farms fan a year's supply of our smoothies! To enter: 1. Like ...",
                "source": "Source: instagram.com (https://www.instagram.com/p/CTTJ7b1PNIQ/)"
              },
              {
                "claim": "Competition/Antitrust & Consumer ‚Äî acquisition of a 45% interest in the Made Group (owners of the Cocobella, Rokeby Farms, Impressed Juice and Nutrient Water brands), together with its bottler, ...",
                "source": "Source: addisons.com (https://addisons.com/capabilities/competition-consumer-antitrust/)"
              },
              {
                "claim": "Our brands ‚Äî Rokeby is a functional dairy brand offering a range of high quality products that deliver natural straight-up nutrition to smartly power active people through ...",
                "source": "Source: madegroup.com (https://www.madegroup.com/our-brands)"
              },
              {
                "claim": "About Rokeby ‚Äî Rokeby products are naturally high in protein, made from fresh locally sourced milk and trusted quality ingredients, to help you smartly power through your day.",
                "source": "Source: rokebynutrition.com (https://rokebynutrition.com/pages/about-rokeby)"
              },
              {
                "claim": "Rokeby Farms: Premium protein driving significant growth ‚Äî Rokeby Farms innovative Whole Protein Breakfast Smoothies are made with fresh, cold-filtered milk that contains twice the protein of regular milk and no added ...",
                "source": "Source: c-store.com.au (https://www.c-store.com.au/rokeby-farms-premium-protein-driving-significant-growth/)"
              }
            ],
            "promos": [
              {
                "brand": "ROKEBYNUTRITION",
                "url": "https://rokebynutrition.com/",
                "source": "Source: rokebynutrition.com (https://rokebynutrition.com/)",
                "title": "Rokeby Nutrition",
                "headline": "Rokeby is a nutrition food company based in Melbourne. We make a range of award-winning dairy products to enjoy as part of a healthy lifestyle.",
                "type": "PRIZE",
                "heroCount": null,
                "totalWinners": null,
                "cadence": null,
                "prizeItems": [
                  "car",
                  "data",
                  "tv"
                ],
                "prizeValueHint": null,
                "confidence": 0.6,
                "viaRedemption": false,
                "giftCard": null
              },
              {
                "brand": "RMHHOMELOTTERY",
                "url": "https://www.rmhhomelottery.com.au/pdfs/rmh-mel-2025-2-winners-FA.pdf",
                "source": "Source: rmhhomelottery.com.au (https://www.rmhhomelottery.com.au/pdfs/rmh-mel-2025-2-winners-FA.pdf)",
                "title": "Congratulations",
                "headline": "Congratulations to our. $5.3M Grand Prize winner! Rowena of Swifts Creek (#10134243) has won this fully furnished home in Camberwell. Win big ...",
                "type": "PRIZE",
                "heroCount": null,
                "totalWinners": null,
                "cadence": null,
                "prizeItems": [
                  "data",
                  "tv",
                  "car",
                  "cash",
                  "holiday"
                ],
                "prizeValueHint": "$39",
                "confidence": 0.6,
                "viaRedemption": false,
                "giftCard": null
              },
              {
                "brand": "ADDISONS",
                "url": "https://addisons.com/capabilities/competition-consumer-antitrust/",
                "source": "Source: addisons.com (https://addisons.com/capabilities/competition-consumer-antitrust/)",
                "title": "Competition/Antitrust &amp; Consumer | Addisons | Sydney Law Firm",
                "headline": "Competition/Antitrust &#038; Consumer",
                "type": "PRIZE",
                "heroCount": null,
                "totalWinners": null,
                "cadence": null,
                "prizeItems": [
                  "car",
                  "data",
                  "plan"
                ],
                "prizeValueHint": "$534",
                "confidence": 0.6,
                "viaRedemption": false,
                "giftCard": null
              },
              {
                "brand": "DIAA",
                "url": "https://diaa.asn.au/wp-content/uploads/2019_DIAA_Vic_Results.pdf",
                "source": "Source: diaa.asn.au (https://diaa.asn.au/wp-content/uploads/2019_DIAA_Vic_Results.pdf)",
                "title": "DIAA Victorian Dairy Product Competition",
                "headline": "Rokeby Farms Whole Protein Smoothie. Chocolate. 17.00. Bulla Dairy Foods. Bulla ... Victorian Dairy Product Competitions visit: www.diaa.asn.au. Dairy Industry.",
                "type": "PRIZE",
                "heroCount": null,
                "totalWinners": null,
                "cadence": null,
                "prizeItems": [
                  "data",
                  "tv",
                  "car"
                ],
                "prizeValueHint": "$06",
                "confidence": 0.6,
                "viaRedemption": false,
                "giftCard": null
              },
              {
                "brand": "FOODANDDRINKBUSINESS",
                "url": "https://www.foodanddrinkbusiness.com.au/news/rethinking-the-white-drink",
                "source": "Source: foodanddrinkbusiness.com.au (https://www.foodanddrinkbusiness.com.au/news/rethinking-the-white-drink)",
                "title": "Rethinking the white drink - Food &amp; Drink Business",
                "headline": "Rethinking the white drink",
                "type": "PRIZE",
                "heroCount": null,
                "totalWinners": null,
                "cadence": null,
                "prizeItems": [
                  "data",
                  "car",
                  "plan",
                  "tv"
                ],
                "prizeValueHint": null,
                "confidence": 0.6,
                "viaRedemption": false,
                "giftCard": null
              },
              {
                "brand": "Rokeby Farms",
                "url": "https://www.retailbiz.com.au/offline-retailing/rokeby-farms-premium-protein-driving-significant-growth/",
                "source": "Source: retailbiz.com.au (https://www.retailbiz.com.au/offline-retailing/rokeby-farms-premium-protein-driving-significant-growth/)",
                "title": "Rokeby Farms: Premium protein driving significant growth - retailbiz",
                "headline": "Rokeby Farms sources fresh milk from a selection of farms located in Victoria, which is then delivered to its new manufacturing facility located ...",
                "type": "PRIZE",
                "heroCount": null,
                "totalWinners": null,
                "cadence": null,
                "prizeItems": [
                  "car",
                  "data",
                  "plan",
                  "plans",
                  "tv"
                ],
                "prizeValueHint": "$10",
                "confidence": 0.6,
                "viaRedemption": false,
                "giftCard": null
              },
              {
                "brand": "WHATSINSEASON",
                "url": "https://www.whatsinseason.com.au/blog/turn-fries-into-cash-win-200k/",
                "source": "Source: whatsinseason.com.au (https://www.whatsinseason.com.au/blog/turn-fries-into-cash-win-200k/)",
                "title": "Turn Fries into Cash - Win $200K - Welcome - InSeason",
                "headline": "Turn Fries into Cash &#8211; Win $200K",
                "type": "PRIZE",
                "heroCount": null,
                "totalWinners": null,
                "cadence": "weekly",
                "prizeItems": [
                  "data",
                  "cash",
                  "car",
                  "tv"
                ],
                "prizeValueHint": "$200",
                "confidence": 0.6,
                "viaRedemption": false,
                "giftCard": null
              },
              {
                "brand": "PRIESTLEYS-GOURMET",
                "url": "https://www.priestleys-gourmet.com.au/",
                "source": "Source: priestleys-gourmet.com.au (https://www.priestleys-gourmet.com.au/)",
                "title": "Wholesale Cakes, Desserts &amp; Baked Goods for Cafes &amp; Businesses | Priestley&#039;s Gourmet Delights",
                "headline": "Homepage #New",
                "type": "PRIZE",
                "heroCount": null,
                "totalWinners": null,
                "cadence": null,
                "prizeItems": [
                  "data",
                  "car",
                  "tv",
                  "trip"
                ],
                "prizeValueHint": null,
                "confidence": 0.6,
                "viaRedemption": false,
                "giftCard": null
              },
              {
                "brand": "GOURMET-DELIGHTS",
                "url": "https://gourmet-delights.com.au/",
                "source": "Source: gourmet-delights.com.au (https://gourmet-delights.com.au/)",
                "title": "Gourmet Delights &#8211; A Little Bite of Heaven.",
                "headline": "Your perfect partner for me time moments.",
                "type": "PRIZE",
                "heroCount": null,
                "totalWinners": null,
                "cadence": null,
                "prizeItems": [
                  "data",
                  "car"
                ],
                "prizeValueHint": null,
                "confidence": 0.6,
                "viaRedemption": false,
                "giftCard": null
              },
              {
                "brand": "PRIESTLEYS-GOURMET",
                "url": "https://www.priestleys-gourmet.com.au/blog",
                "source": "Source: priestleys-gourmet.com.au (https://www.priestleys-gourmet.com.au/blog)",
                "title": "Priestley&#039;s Blog | Priestley&#039;s Gourmet Delights",
                "headline": "Priestley&#8217;s Blog",
                "type": "PRIZE",
                "heroCount": null,
                "totalWinners": null,
                "cadence": null,
                "prizeItems": [
                  "data",
                  "car",
                  "tv",
                  "holiday",
                  "trip"
                ],
                "prizeValueHint": null,
                "confidence": 0.6,
                "viaRedemption": false,
                "giftCard": null
              },
              {
                "brand": "PRIESTLEYS-GOURMET",
                "url": "https://www.priestleys-gourmet.com.au/insight/podcasts",
                "source": "Source: priestleys-gourmet.com.au (https://www.priestleys-gourmet.com.au/insight/podcasts)",
                "title": "Podcasts | Priestley&#039;s Gourmet Delights",
                "headline": "Podcasts",
                "type": "PRIZE",
                "heroCount": null,
                "totalWinners": null,
                "cadence": null,
                "prizeItems": [
                  "data",
                  "car",
                  "tv",
                  "trip"
                ],
                "prizeValueHint": null,
                "confidence": 0.6,
                "viaRedemption": false,
                "giftCard": null
              },
              {
                "brand": "COURIERMAIL",
                "url": "https://www.couriermail.com.au/news/national/back-australia/how-priestleys-gourmet-delights-thrives-with-automation-while-supporting-more-australian-jobs/news-story/9b8e562ce4d2b5c64e80fb04cd3c62b2",
                "source": "Source: couriermail.com.au (https://www.couriermail.com.au/news/national/back-australia/how-priestleys-gourmet-delights-thrives-with-automation-while-supporting-more-australian-jobs/news-story/9b8e562ce4d2b5c64e80fb04cd3c62b2)",
                "title": "No Cookies | The Courier Mail",
                "headline": "No Cookies",
                "type": "PRIZE",
                "heroCount": null,
                "totalWinners": null,
                "cadence": null,
                "prizeItems": [
                  "car",
                  "data",
                  "plan",
                  "tv"
                ],
                "prizeValueHint": null,
                "confidence": 0.6,
                "viaRedemption": false,
                "giftCard": null
              },
              {
                "brand": "Jillian's Cakery",
                "url": "https://www.easyweddings.com.au/WeddingCakes/Sydney/JilliansCakery/",
                "source": "Source: easyweddings.com.au (https://www.easyweddings.com.au/WeddingCakes/Sydney/JilliansCakery/)",
                "title": "Jillian&#39;s Cakery - Wedding Cakes Surry Hills | Easy Weddings",
                "headline": "Jillian&#39;s Cakery",
                "type": "PRIZE",
                "heroCount": null,
                "totalWinners": null,
                "cadence": null,
                "prizeItems": [
                  "data",
                  "tv",
                  "car",
                  "plan",
                  "cash"
                ],
                "prizeValueHint": null,
                "confidence": 0.6,
                "viaRedemption": false,
                "giftCard": null
              },
              {
                "brand": "Jillian's Cakery",
                "url": "https://www.sydneycakery.com.au/product/jillians-cakery-online-gift-card-redeemable-online-only/",
                "source": "Source: sydneycakery.com.au (https://www.sydneycakery.com.au/product/jillians-cakery-online-gift-card-redeemable-online-only/)",
                "title": "Jillian&#039;s Cakery Online Gift Card (redeemable online only) &#183; Sydney Cakery",
                "headline": "Jillian&#8217;s Cakery Online Gift Card (redeemable online only)",
                "type": "PRIZE",
                "heroCount": null,
                "totalWinners": null,
                "cadence": null,
                "prizeItems": [
                  "gift card",
                  "car",
                  "data",
                  "tv",
                  "trip",
                  "plan",
                  "cash",
                  "giftcard"
                ],
                "prizeValueHint": "$10",
                "confidence": 0.6,
                "viaRedemption": false,
                "giftCard": null
              },
              {
                "brand": "THATGIRLFROMSYDNEY",
                "url": "https://thatgirlfromsydney.com/2020/02/27/who-is-jillian-and-what-does-she-do/",
                "source": "Source: thatgirlfromsydney.com (https://thatgirlfromsydney.com/2020/02/27/who-is-jillian-and-what-does-she-do/)",
                "title": "Who Is Jillian And What Does She Do? &#8211; That Girl from Sydney",
                "headline": "Who Is Jillian And What Does She&nbsp;Do?",
                "type": "PRIZE",
                "heroCount": null,
                "totalWinners": null,
                "cadence": null,
                "prizeItems": [
                  "car",
                  "data",
                  "plan",
                  "tv"
                ],
                "prizeValueHint": null,
                "confidence": 0.6,
                "viaRedemption": false,
                "giftCard": null
              },
              {
                "brand": "Jillian's Cakery",
                "url": "https://www.theurbanlist.com/sydney/directory/jillian-s-cakery",
                "source": "Source: theurbanlist.com (https://www.theurbanlist.com/sydney/directory/jillian-s-cakery)",
                "title": "Jillian's Cakery | URBAN LIST SYDNEY",
                "headline": "Jillian‚Äôs Cakery",
                "type": "PRIZE",
                "heroCount": null,
                "totalWinners": null,
                "cadence": null,
                "prizeItems": [
                  "tv",
                  "data",
                  "car"
                ],
                "prizeValueHint": null,
                "confidence": 0.6,
                "viaRedemption": false,
                "giftCard": null
              },
              {
                "brand": "YOUTUBE",
                "url": "https://www.youtube.com/c/jillianbutler",
                "source": "Source: youtube.com (https://www.youtube.com/c/jillianbutler)",
                "title": "Jillian Butler - YouTube",
                "headline": "I started a successful cake shop in Sydney called Jillian's Cakery that I ran for 7 years and there were lots of lessons that I learned along the way. Now ...",
                "type": "PRIZE",
                "heroCount": null,
                "totalWinners": null,
                "cadence": null,
                "prizeItems": [
                  "data",
                  "tv",
                  "car"
                ],
                "prizeValueHint": null,
                "confidence": 0.6,
                "viaRedemption": false,
                "giftCard": null
              },
              {
                "brand": "Belle Fleur",
                "url": "https://bellefleur.com.au/",
                "source": "Source: bellefleur.com.au (https://bellefleur.com.au/)",
                "title": "Homepage | Belle Fleur Fine Chocolates | Chocolate Sydney",
                "headline": "Handmade chocolates that taste sensational. Choose from over 45 traditional and contemporary flavours in-store.Jump to",
                "type": "PRIZE",
                "heroCount": null,
                "totalWinners": null,
                "cadence": null,
                "prizeItems": [
                  "car",
                  "data",
                  "tv",
                  "trip",
                  "gift card"
                ],
                "prizeValueHint": null,
                "confidence": 0.6,
                "viaRedemption": false,
                "giftCard": null
              },
              {
                "brand": "ADAIRS",
                "url": "https://www.adairs.com.au/terms-conditions/competitions/?srsltid=AfmBOoqdmhyAkjp-0mo6YgOOktDktJHmHAKnYF3zeB9uw5Neg7BZ2F6C",
                "source": "Source: adairs.com.au (https://www.adairs.com.au/terms-conditions/competitions/?srsltid=AfmBOoqdmhyAkjp-0mo6YgOOktDktJHmHAKnYF3zeB9uw5Neg7BZ2F6C)",
                "title": "Past Competitions | Adairs",
                "headline": "The 'Draw 3' winner is Edith Pullen. The 'Draw 4' winner is Vibeke Foss. The 'Adairs Kids Fur Cushions & Throw Competition' commenced at 12:00am AEST on the 14 ...Jump to",
                "type": "PRIZE",
                "heroCount": 3,
                "totalWinners": null,
                "cadence": null,
                "prizeItems": [
                  "data",
                  "car",
                  "trip",
                  "plan",
                  "washer",
                  "gift card",
                  "tv",
                  "voucher",
                  "cash"
                ],
                "prizeValueHint": "$30",
                "confidence": 0.6,
                "viaRedemption": false,
                "giftCard": null
              },
              {
                "brand": "RMHHOMELOTTERY",
                "url": "https://www.rmhhomelottery.com.au/on/demandware.static/Sites-RML_MEL-Site/Sites-RML_MEL-Library/-/pdfs/rmh-mel-2025-1-winners-FA-2.pdf",
                "source": "Source: rmhhomelottery.com.au (https://www.rmhhomelottery.com.au/on/demandware.static/Sites-RML_MEL-Site/Sites-RML_MEL-Library/-/pdfs/rmh-mel-2025-1-winners-FA-2.pdf)",
                "title": "Congratulations",
                "headline": "Congratulations to our Early Bird winner! Jeffrey from Bulleen (#008153) has won the half a million Early Bird Prize! EARLY BIRD PRIZE.Jump to",
                "type": "PRIZE",
                "heroCount": null,
                "totalWinners": null,
                "cadence": null,
                "prizeItems": [
                  "data",
                  "tv",
                  "cash",
                  "holiday",
                  "car",
                  "plan"
                ],
                "prizeValueHint": "$39",
                "confidence": 0.6,
                "viaRedemption": false,
                "giftCard": null
              },
              {
                "brand": "ROCKYSHOW",
                "url": "https://www.rockyshow.com.au/Competitions/Animals-Competitions/Horse-Competition-Program",
                "source": "Source: rockyshow.com.au (https://www.rockyshow.com.au/Competitions/Animals-Competitions/Horse-Competition-Program)",
                "title": "Horse Competition Program Rockhampton Show",
                "headline": "Horse Competition Program",
                "type": "PRIZE",
                "heroCount": null,
                "totalWinners": null,
                "cadence": null,
                "prizeItems": [
                  "car",
                  "tv",
                  "data",
                  "plan"
                ],
                "prizeValueHint": null,
                "confidence": 0.6,
                "viaRedemption": false,
                "giftCard": null
              },
              {
                "brand": "BELLEFLEUR",
                "url": "https://bellefleur.com.au/occasions/",
                "source": "Source: bellefleur.com.au (https://bellefleur.com.au/occasions/)",
                "title": "Special Occasions &amp; Events | Belle Fleur Fine Chocolates",
                "headline": "Occasions",
                "type": "PRIZE",
                "heroCount": null,
                "totalWinners": null,
                "cadence": null,
                "prizeItems": [
                  "car",
                  "data",
                  "tv",
                  "trip",
                  "gift card"
                ],
                "prizeValueHint": null,
                "confidence": 0.6,
                "viaRedemption": false,
                "giftCard": null
              },
              {
                "brand": "MARKETINGBEE",
                "url": "https://marketingbee.com.au/sharon-latour-returns-as-a-judge-for-the-2025-australian-web-awards/",
                "source": "Source: marketingbee.com.au (https://marketingbee.com.au/sharon-latour-returns-as-a-judge-for-the-2025-australian-web-awards/)",
                "title": "Sharon Latour Returns as a Judge for the 2025 Australian Web Awards - Marketing Bee",
                "headline": "Sharon Latour Returns as a Judge for the 2025 Australian Web Awards",
                "type": "PRIZE",
                "heroCount": null,
                "totalWinners": null,
                "cadence": null,
                "prizeItems": [
                  "car",
                  "data",
                  "tv"
                ],
                "prizeValueHint": null,
                "confidence": 0.6,
                "viaRedemption": false,
                "giftCard": null
              },
              {
                "brand": "Beak & Johnston",
                "url": "https://www.beakandjohnston.com.au/",
                "source": "Source: beakandjohnston.com.au (https://www.beakandjohnston.com.au/)",
                "title": "Home - Quality Food Manufacturer | Beak &amp; Johnston",
                "headline": "Beak & Johnston is a proudly Australian, privately owned fresh food business with over 39 years of experience delivering innovative, value-added meal solutions.",
                "type": "PRIZE",
                "heroCount": null,
                "totalWinners": null,
                "cadence": null,
                "prizeItems": [
                  "car",
                  "data",
                  "plan"
                ],
                "prizeValueHint": null,
                "confidence": 0.6,
                "viaRedemption": false,
                "giftCard": null
              },
              {
                "brand": "BEAKANDJOHNSTON",
                "url": "https://www.beakandjohnston.com.au/about-us/",
                "source": "Source: beakandjohnston.com.au (https://www.beakandjohnston.com.au/about-us/)",
                "title": "About Us - Quality Food Manufacturer | Beak &amp; Johnston",
                "headline": "Beak & Johnston was founded in 1986 by David Beak, bringing together four generations of global meat industry knowledge.",
                "type": "PRIZE",
                "heroCount": null,
                "totalWinners": null,
                "cadence": null,
                "prizeItems": [
                  "car",
                  "data",
                  "plan"
                ],
                "prizeValueHint": "$15",
                "confidence": 0.6,
                "viaRedemption": false,
                "giftCard": null
              },
              {
                "brand": "BAKINGBUSINESS",
                "url": "https://bakingbusiness.com.au/wp-content/uploads/2019/10/2019-fine-food-catalogue-web.pdf",
                "source": "Source: bakingbusiness.com.au (https://bakingbusiness.com.au/wp-content/uploads/2019/10/2019-fine-food-catalogue-web.pdf)",
                "title": "Sydney Royal Fine Food Show - Baking Business",
                "headline": "It draws from Sydney Royal Champions throughout the year, examines, and celebrates truly inspirational, innovative agricultural food and beverage achievers.",
                "type": "PRIZE",
                "heroCount": null,
                "totalWinners": null,
                "cadence": null,
                "prizeItems": [
                  "data",
                  "tv",
                  "car"
                ],
                "prizeValueHint": "$224",
                "confidence": 0.6,
                "viaRedemption": false,
                "giftCard": null
              },
              {
                "brand": "ISSUU",
                "url": "https://issuu.com/theintermediagroup/docs/c_i_retailing_magazine_august-september_2025",
                "source": "Source: issuu.com (https://issuu.com/theintermediagroup/docs/c_i_retailing_magazine_august-september_2025)",
                "title": "C&amp;amp;I Retailing Magazine August-September 2025 by The Intermedia Group - Issuu",
                "headline": "C&amp;I Retailing Magazine August-September 2025",
                "type": "PRIZE",
                "heroCount": null,
                "totalWinners": null,
                "cadence": null,
                "prizeItems": [
                  "car",
                  "data",
                  "tv",
                  "plans",
                  "plan"
                ],
                "prizeValueHint": "$29",
                "confidence": 0.6,
                "viaRedemption": false,
                "giftCard": null
              },
              {
                "brand": "Beak & Johnston",
                "url": "https://www.accc.gov.au/media-release/woolworths%E2%80%99-proposed-acquisition-of-beak-johnston-not-opposed",
                "source": "Source: accc.gov.au (https://www.accc.gov.au/media-release/woolworths%E2%80%99-proposed-acquisition-of-beak-johnston-not-opposed)",
                "title": "Woolworths‚Äô proposed acquisition of Beak &amp; Johnston not opposed | ACCC",
                "headline": "The ACCC will not oppose Woolworths Group Limited's (ASX:WOW) proposed acquisition of Beak & Johnston Holdings Pty Ltd (B&J).",
                "type": "PRIZE",
                "heroCount": null,
                "totalWinners": null,
                "cadence": null,
                "prizeItems": [
                  "data",
                  "car"
                ],
                "prizeValueHint": null,
                "confidence": 0.6,
                "viaRedemption": false,
                "giftCard": null
              },
              {
                "brand": "Beak & Johnston",
                "url": "https://www.just-food.com/news/woolworths-beak-johnston-deal-approved/",
                "source": "Source: just-food.com (https://www.just-food.com/news/woolworths-beak-johnston-deal-approved/)",
                "title": "ACCC waves through Woolworths‚Äô Beak &amp; Johnston deal",
                "headline": "Australia regulator waves through Woolworths‚Äô Beak &#038; Johnston deal",
                "type": "PRIZE",
                "heroCount": null,
                "totalWinners": null,
                "cadence": null,
                "prizeItems": [
                  "data",
                  "car",
                  "plan",
                  "tv"
                ],
                "prizeValueHint": null,
                "confidence": 0.6,
                "viaRedemption": false,
                "giftCard": null
              },
              {
                "brand": "Beak & Johnston",
                "url": "https://morganenglishlawyers.com.au/morgan-english-advises-beak-johnston-group-on-strategic-sale-to-woolworths/",
                "source": "Source: morganenglishlawyers.com.au (https://morganenglishlawyers.com.au/morgan-english-advises-beak-johnston-group-on-strategic-sale-to-woolworths/)",
                "title": "Morgan + English Advises Beak &amp; Johnston Group on Strategic Sale to Woolworths | Morgan English Lawyers",
                "headline": "Morgan + English Advises Beak &#038; Johnston Group on Strategic Sale to Woolworths",
                "type": "PRIZE",
                "heroCount": null,
                "totalWinners": null,
                "cadence": null,
                "prizeItems": [
                  "data",
                  "car",
                  "cash",
                  "trip",
                  "plan",
                  "tv"
                ],
                "prizeValueHint": null,
                "confidence": 0.6,
                "viaRedemption": false,
                "giftCard": null
              },
              {
                "brand": "Beak & Johnston",
                "url": "https://www.comcom.govt.nz/news-and-media/news-and-events/2025/woolworths-seeks-clearance-to-acquire-beak-and-johnston/",
                "source": "Source: comcom.govt.nz (https://www.comcom.govt.nz/news-and-media/news-and-events/2025/woolworths-seeks-clearance-to-acquire-beak-and-johnston/)",
                "title": "Woolworths seeks clearance to acquire Beak &amp; Johnston | Commerce Commission",
                "headline": "We will give clearance to a proposed merger if we are satisfied that the merger is unlikely to have the effect of substantially lessening ...",
                "type": "PRIZE",
                "heroCount": null,
                "totalWinners": null,
                "cadence": null,
                "prizeItems": [
                  "trip",
                  "car",
                  "data",
                  "plan"
                ],
                "prizeValueHint": null,
                "confidence": 0.6,
                "viaRedemption": false,
                "giftCard": null
              },
              {
                "brand": "Beak & Johnston",
                "url": "https://insideretail.com.au/news/woolworths-seeks-clearance-to-buy-beak-johnston-202501",
                "source": "Source: insideretail.com.au (https://insideretail.com.au/news/woolworths-seeks-clearance-to-buy-beak-johnston-202501)",
                "title": "Woolworths seeks clearance to buy Beak &amp; Johnston - Inside Retail Australia",
                "headline": "Woolworths seeks clearance to buy Beak &amp; Johnston",
                "type": "PRIZE",
                "heroCount": null,
                "totalWinners": null,
                "cadence": null,
                "prizeItems": [
                  "data",
                  "car",
                  "trip"
                ],
                "prizeValueHint": "$110",
                "confidence": 0.6,
                "viaRedemption": false,
                "giftCard": null
              },
              {
                "brand": "Carman's",
                "url": "https://carmanskitchen.com.au/carmans-quarterly-care-package-giveaway-2025/",
                "source": "Source: carmanskitchen.com.au (https://carmanskitchen.com.au/carmans-quarterly-care-package-giveaway-2025/)",
                "title": "Carman‚Äôs Quarterly Care Package Giveaway Terms &amp; Conditions 2025 | Carman's Kitchen",
                "headline": "Carman‚Äôs Quarterly Care Package Giveaway Terms &#038; Conditions 2025",
                "type": "PRIZE",
                "heroCount": null,
                "totalWinners": null,
                "cadence": null,
                "prizeItems": [
                  "data",
                  "car",
                  "plan",
                  "cash",
                  "tv"
                ],
                "prizeValueHint": "$100",
                "confidence": 0.6,
                "viaRedemption": false,
                "giftCard": null
              },
              {
                "brand": "Carman's",
                "url": "https://carmanskitchen.com.au/fun-run-giveaway-terms-conditions/",
                "source": "Source: carmanskitchen.com.au (https://carmanskitchen.com.au/fun-run-giveaway-terms-conditions/)",
                "title": "Carman‚Äôs Fun Run Giveaway Terms &amp; Conditions | Carman's Kitchen",
                "headline": "Carman&#8217;s Fun Run Giveaway Terms &#038; Conditions",
                "type": "PRIZE",
                "heroCount": 1,
                "totalWinners": null,
                "cadence": "instant",
                "prizeItems": [
                  "data",
                  "car",
                  "plan",
                  "voucher",
                  "cash",
                  "tv"
                ],
                "prizeValueHint": "$200",
                "confidence": 0.6,
                "viaRedemption": false,
                "giftCard": null
              },
              {
                "brand": "CARMANSKITCHEN",
                "url": "https://carmanskitchen.com.au/porridge-competition-terms-conditions/",
                "source": "Source: carmanskitchen.com.au (https://carmanskitchen.com.au/porridge-competition-terms-conditions/)",
                "title": "Porridge Competition Terms &amp; Conditions | Carman's Kitchen",
                "headline": "Porridge Competition Terms &#038; Conditions",
                "type": "PRIZE",
                "heroCount": null,
                "totalWinners": null,
                "cadence": null,
                "prizeItems": [
                  "data",
                  "car",
                  "plan",
                  "cash",
                  "tv"
                ],
                "prizeValueHint": "$250",
                "confidence": 0.6,
                "viaRedemption": false,
                "giftCard": null
              },
              {
                "brand": "CARMANSKITCHEN",
                "url": "https://carmanskitchen.com.au/win-a-trip-to-byron-terms-and-conditions/",
                "source": "Source: carmanskitchen.com.au (https://carmanskitchen.com.au/win-a-trip-to-byron-terms-and-conditions/)",
                "title": "Win a Trip to Byron Terms and Conditions | Carman's Kitchen",
                "headline": "Win a Trip to Byron Terms and Conditions",
                "type": "PRIZE",
                "heroCount": null,
                "totalWinners": null,
                "cadence": "instant",
                "prizeItems": [
                  "data",
                  "car",
                  "trip",
                  "plan",
                  "holiday",
                  "voucher",
                  "cash",
                  "tv"
                ],
                "prizeValueHint": "$11,805",
                "confidence": 0.6,
                "viaRedemption": false,
                "giftCard": null
              },
              {
                "brand": "Carman's",
                "url": "https://solemotive.com/pages/carmans-fun-run-syd-10k?srsltid=AfmBOooHB3xkXtaoGZ9mG-_L0--9mW5jbbRWm1pnggI7e99sIs6BVcnZ",
                "source": "Source: solemotive.com (https://solemotive.com/pages/carmans-fun-run-syd-10k?srsltid=AfmBOooHB3xkXtaoGZ9mG-_L0--9mW5jbbRWm1pnggI7e99sIs6BVcnZ)",
                "title": "Carman&#39;s Fun Run Sydney 2025 - 10K | Sole Motive",
                "headline": "The Carman's Fun Run Sydney 2025 is on 21 September at Metcalfe Park, Pyrmont, with a 9:00am start. The course is a flat 2 lap with Sydney views.",
                "type": "PRIZE",
                "heroCount": null,
                "totalWinners": null,
                "cadence": null,
                "prizeItems": [
                  "data",
                  "car",
                  "trip",
                  "tv",
                  "cash"
                ],
                "prizeValueHint": "$80",
                "confidence": 0.6,
                "viaRedemption": false,
                "giftCard": null
              },
              {
                "brand": "Carman's",
                "url": "https://solemotive.com/pages/carmans-fun-run-syd-home?srsltid=AfmBOorQvL6V5sSGXodJyYnpq2M5S1edAD0ntuyCApEKW69H8iURTuCJ",
                "source": "Source: solemotive.com (https://solemotive.com/pages/carmans-fun-run-syd-home?srsltid=AfmBOorQvL6V5sSGXodJyYnpq2M5S1edAD0ntuyCApEKW69H8iURTuCJ)",
                "title": "Carman&#39;s Fun Run Sydney 2025 | Sole Motive",
                "headline": "BCNA MERCHANDISE STAND &amp; MINI-FIELD OF WOMEN",
                "type": "PRIZE",
                "heroCount": null,
                "totalWinners": null,
                "cadence": null,
                "prizeItems": [
                  "data",
                  "car",
                  "trip",
                  "tv",
                  "cash",
                  "plan"
                ],
                "prizeValueHint": "$60",
                "confidence": 0.6,
                "viaRedemption": false,
                "giftCard": null
              },
              {
                "brand": "Carman's",
                "url": "https://solemotive.com/pages/carmans-fun-run-mel-home?srsltid=AfmBOorSgV-UdaNVOUP8CKAqEEIrYHFLflLVAtbLwxYAcUtICnE2zL_9",
                "source": "Source: solemotive.com (https://solemotive.com/pages/carmans-fun-run-mel-home?srsltid=AfmBOorSgV-UdaNVOUP8CKAqEEIrYHFLflLVAtbLwxYAcUtICnE2zL_9)",
                "title": "Carman&#39;s Fun Run Melbourne 2026 | Sole Motive",
                "headline": "BCNA MERCHANDISE STAND",
                "type": "PRIZE",
                "heroCount": null,
                "totalWinners": null,
                "cadence": null,
                "prizeItems": [
                  "data",
                  "car",
                  "trip",
                  "tv",
                  "cash",
                  "plan"
                ],
                "prizeValueHint": "$60",
                "confidence": 0.6,
                "viaRedemption": false,
                "giftCard": null
              },
              {
                "brand": "Carman's",
                "url": "https://www.bcna.org.au/event-directory/major-events/carman-s-fun-run-2025-sydney/",
                "source": "Source: bcna.org.au (https://www.bcna.org.au/event-directory/major-events/carman-s-fun-run-2025-sydney/)",
                "title": "Carman&#x2019;s Fun Run 2025 - Sydney",
                "headline": "Run, jog or walk 21.1K, 10K, or 5K and make your run count by raising funds to help Australians affected by breast cancer. Secure your spot now and help us turn ...",
                "type": "PRIZE",
                "heroCount": null,
                "totalWinners": null,
                "cadence": null,
                "prizeItems": [
                  "data",
                  "car",
                  "tv"
                ],
                "prizeValueHint": "$30",
                "confidence": 0.6,
                "viaRedemption": false,
                "giftCard": null
              },
              {
                "brand": "Carman's",
                "url": "https://www.bcna.org.au/event-directory/major-events/carman-s-fun-run-2025-melbourne/",
                "source": "Source: bcna.org.au (https://www.bcna.org.au/event-directory/major-events/carman-s-fun-run-2025-melbourne/)",
                "title": "Carman&#x2019;s Fun Run 2025 - Melbourne",
                "headline": "Carman's Fun Run 2025 is on Feb 16 at Elsternwick Park, Brighton, with half-marathon, 10km, 5km run and 5km walk options. It starts at 5:45 am and ends at 1:00 ...",
                "type": "PRIZE",
                "heroCount": null,
                "totalWinners": null,
                "cadence": null,
                "prizeItems": [
                  "data",
                  "car",
                  "tv"
                ],
                "prizeValueHint": "$30",
                "confidence": 0.6,
                "viaRedemption": false,
                "giftCard": null
              },
              {
                "brand": "PAULSPROMO",
                "url": "https://www.paulspromo.com.au/",
                "source": "Source: paulspromo.com.au (https://www.paulspromo.com.au/)",
                "title": "Paul&#039;s Kids Yoghurt Minions Promotion",
                "headline": "Open to AU res 18+. Starts: 17/3/25:12AM AEDT. Ends: 30/5/25:11.59PM AEST. Max 1 entry per transaction. Retain receipts. Draw: 51A/23 Norton St, Leichhardt, NSW ...",
                "type": "PRIZE",
                "heroCount": null,
                "totalWinners": null,
                "cadence": null,
                "prizeItems": [
                  "data",
                  "tv",
                  "trip"
                ],
                "prizeValueHint": "$17,225",
                "confidence": 0.6,
                "viaRedemption": false,
                "giftCard": null
              },
              {
                "brand": "REDDYEXPRESS",
                "url": "https://www.reddyexpress.com.au/terms-and-conditions/peel-N-win",
                "source": "Source: reddyexpress.com.au (https://www.reddyexpress.com.au/terms-and-conditions/peel-N-win)",
                "title": "Reddy, Set, Peel &amp; Win - T&amp;Cs | Reddy Express",
                "headline": "All prize claims and entries into the unclaimed prize draw must be made by Entrants by no later than 11.59pm (Sydney time) on 30 September 2025. 5.",
                "type": "PRIZE",
                "heroCount": null,
                "totalWinners": null,
                "cadence": "instant",
                "prizeItems": [
                  "data",
                  "car",
                  "gift card",
                  "plans",
                  "holiday",
                  "voucher",
                  "cash",
                  "trip",
                  "giftcard",
                  "plan"
                ],
                "prizeValueHint": "$10",
                "confidence": 0.6,
                "viaRedemption": false,
                "giftCard": null
              },
              {
                "brand": "PAULS",
                "url": "https://www.pauls.com.au/",
                "source": "Source: pauls.com.au (https://www.pauls.com.au/)",
                "title": "Pauls Dairy",
                "headline": "We're pretty passionate about making great tasting products packed with real dairy goodness. We put that devotion into every Pauls milk, cream, custard, yoghurt ...",
                "type": "PRIZE",
                "heroCount": null,
                "totalWinners": null,
                "cadence": null,
                "prizeItems": [
                  "data",
                  "car",
                  "tv"
                ],
                "prizeValueHint": null,
                "confidence": 0.6,
                "viaRedemption": false,
                "giftCard": null
              },
              {
                "brand": "SCHOOLFUNDRAISING",
                "url": "https://www.schoolfundraising.com.au/",
                "source": "Source: schoolfundraising.com.au (https://www.schoolfundraising.com.au/)",
                "title": "School Fundraising | Empowering Schools Through Colour Runs",
                "headline": "We're Australia's ultimate school fundraising partner ... When parents use it to create a profile, they go into the draw to win a $500 prize credit.",
                "type": "PRIZE",
                "heroCount": 500,
                "totalWinners": null,
                "cadence": null,
                "prizeItems": [
                  "car",
                  "data",
                  "tv",
                  "trip",
                  "plan",
                  "cash"
                ],
                "prizeValueHint": "$500",
                "confidence": 0.6,
                "viaRedemption": false,
                "giftCard": null
              },
              {
                "brand": "Chobani",
                "url": "https://www.chobani.com.au/chobani-fit-competition-terms-and-conditions/",
                "source": "Source: chobani.com.au (https://www.chobani.com.au/chobani-fit-competition-terms-and-conditions/)",
                "title": "Chobani Fit Competition - Terms and Conditions - Chobani Australia",
                "headline": "Chobani Fit Competition &#8211; Terms and Conditions",
                "type": "PRIZE",
                "heroCount": null,
                "totalWinners": null,
                "cadence": null,
                "prizeItems": [
                  "car",
                  "data",
                  "cash"
                ],
                "prizeValueHint": "$399",
                "confidence": 0.6,
                "viaRedemption": false,
                "giftCard": null
              },
              {
                "brand": "Chobani",
                "url": "https://www.ozbargain.com.au/node/926882",
                "source": "Source: ozbargain.com.au (https://www.ozbargain.com.au/node/926882)",
                "title": "Win a KitchenAid Pure Power Blender + Chobani No Sugar Added Prize Pack from KitchenAid - OzBargain Competitions",
                "headline": "Win a KitchenAid Pure Power Blender + Chobani No Sugar Added Prize Pack from KitchenAid",
                "type": "PRIZE",
                "heroCount": null,
                "totalWinners": null,
                "cadence": null,
                "prizeItems": [
                  "car",
                  "tv",
                  "data",
                  "voucher",
                  "gift card",
                  "cash"
                ],
                "prizeValueHint": "$274",
                "confidence": 0.6,
                "viaRedemption": false,
                "giftCard": null
              },
              {
                "brand": "Chobani",
                "url": "https://www.ozbargain.com.au/competition/chobani.com.au",
                "source": "Source: ozbargain.com.au (https://www.ozbargain.com.au/competition/chobani.com.au)",
                "title": "Chobani: Competitions - OzBargain Competitions",
                "headline": "Chobani &raquo; Competitions",
                "type": "PRIZE",
                "heroCount": null,
                "totalWinners": null,
                "cadence": null,
                "prizeItems": [
                  "car",
                  "data",
                  "voucher",
                  "gift card",
                  "cash"
                ],
                "prizeValueHint": "$100",
                "confidence": 0.6,
                "viaRedemption": false,
                "giftCard": null
              },
              {
                "brand": "CHOBANI",
                "url": "https://www.chobani.com.au/competition-tscs/",
                "source": "Source: chobani.com.au (https://www.chobani.com.au/competition-tscs/)",
                "title": "Competition - Terms and Conditions 2024 - Chobani Australia",
                "headline": "Chobani Australia Terms and Conditions. View Chobani x Remedy Terms and Conditions ¬∑ View Chobani x Ninja Kitchen Terms and Conditions ...",
                "type": "PRIZE",
                "heroCount": null,
                "totalWinners": null,
                "cadence": null,
                "prizeItems": [
                  "car",
                  "data"
                ],
                "prizeValueHint": null,
                "confidence": 0.6,
                "viaRedemption": false,
                "giftCard": null
              },
              {
                "brand": "Chobani",
                "url": "https://www.chobani.com.au/",
                "source": "Source: chobani.com.au (https://www.chobani.com.au/)",
                "title": "Chobani Australia",
                "headline": "Real yogurt. Real simple.",
                "type": "PRIZE",
                "heroCount": null,
                "totalWinners": null,
                "cadence": null,
                "prizeItems": [
                  "car",
                  "data",
                  "plan"
                ],
                "prizeValueHint": null,
                "confidence": 0.6,
                "viaRedemption": false,
                "giftCard": null
              },
              {
                "brand": "Sara Lee",
                "url": "https://winwithsaralee.com.au/conditions.html",
                "source": "Source: winwithsaralee.com.au (https://winwithsaralee.com.au/conditions.html)",
                "title": "Sara Lee Waffles 30k Giveaway Instant Win Promotion",
                "headline": "There are 150 prizes to be given away in this Promotion: 12 x AUD$1,000.00 Cash Prize, 13 x AUD$500.00 Mastercard eVouchers and 15 x AUD$250.00 Mastercard ...",
                "type": "PRIZE",
                "heroCount": 150,
                "totalWinners": null,
                "cadence": "instant",
                "prizeItems": [
                  "data",
                  "cash",
                  "car",
                  "voucher"
                ],
                "prizeValueHint": "$500",
                "confidence": 0.6,
                "viaRedemption": false,
                "giftCard": null
              },
              {
                "brand": "Sara Lee",
                "url": "https://saralee.com.au/enter-for-your-chance-to-win-our-grocery-giveaway/",
                "source": "Source: saralee.com.au (https://saralee.com.au/enter-for-your-chance-to-win-our-grocery-giveaway/)",
                "title": "Enter for your chance to WIN our Grocery Giveaway! &#8211; Sara Lee",
                "headline": "Enter for your chance to WIN our Grocery Giveaway!",
                "type": "PRIZE",
                "heroCount": null,
                "totalWinners": null,
                "cadence": null,
                "prizeItems": [
                  "voucher",
                  "data",
                  "car",
                  "tv"
                ],
                "prizeValueHint": "$200",
                "confidence": 0.6,
                "viaRedemption": false,
                "giftCard": null
              },
              {
                "brand": "Sara Lee",
                "url": "https://saraleefoodservice.com.au/news-promotions/",
                "source": "Source: saraleefoodservice.com.au (https://saraleefoodservice.com.au/news-promotions/)",
                "title": "News &amp; Promotions | Sara Lee Foodservice Australia",
                "headline": "News &#038; Promotions",
                "type": "PRIZE",
                "heroCount": null,
                "totalWinners": null,
                "cadence": null,
                "prizeItems": [
                  "data",
                  "car",
                  "tv"
                ],
                "prizeValueHint": null,
                "confidence": 0.6,
                "viaRedemption": false,
                "giftCard": null
              },
              {
                "brand": "Sara Lee",
                "url": "https://saralee.com.au/grocery-giveaway-tcs-australia/",
                "source": "Source: saralee.com.au (https://saralee.com.au/grocery-giveaway-tcs-australia/)",
                "title": "Grocery Giveaway T&#038;Cs Australia &#8211; Sara Lee",
                "headline": "Grocery Giveaway T&#038;Cs Australia",
                "type": "PRIZE",
                "heroCount": null,
                "totalWinners": null,
                "cadence": null,
                "prizeItems": [
                  "data",
                  "car",
                  "tv",
                  "gift card",
                  "cash",
                  "plan"
                ],
                "prizeValueHint": "$200",
                "confidence": 0.6,
                "viaRedemption": false,
                "giftCard": null
              },
              {
                "brand": "Sara Lee",
                "url": "https://winwithsaralee.com.au/images/Sara%20Lee%20Instant%20Win%20T&C's.pdf",
                "source": "Source: winwithsaralee.com.au (https://winwithsaralee.com.au/images/Sara%20Lee%20Instant%20Win%20T&C's.pdf)",
                "title": "Sara Lee Waffles 30k Giveaway Instant Win Promotion",
                "headline": "Winners will have their initials and state announced on the Sara Lee Promotional website at www.winwithsaralee.com by 30th October, 2024. 14. If ...",
                "type": "PRIZE",
                "heroCount": null,
                "totalWinners": null,
                "cadence": null,
                "prizeItems": [
                  "tv"
                ],
                "prizeValueHint": "$222",
                "confidence": 0.6,
                "viaRedemption": false,
                "giftCard": null
              },
              {
                "brand": "Sara Lee",
                "url": "http://winwithsaralee.com.au/",
                "source": "Source: winwithsaralee.com.au (http://winwithsaralee.com.au/)",
                "title": "Sara Lee Waffles 30k Giveaway Instant Win Promotion",
                "headline": "The promotion commences on the 15/9/2024 at 0900 (AEST) and closes 27/10/2024 at 1700 (AEST). For full T&C's go to www.winwithsaralee.",
                "type": "PRIZE",
                "heroCount": null,
                "totalWinners": null,
                "cadence": "instant",
                "prizeItems": [
                  "data",
                  "car",
                  "voucher",
                  "tv"
                ],
                "prizeValueHint": null,
                "confidence": 0.6,
                "viaRedemption": false,
                "giftCard": null
              },
              {
                "brand": "Sara Lee",
                "url": "https://saralee.com.au/enter-for-your-chance-to-win-a-pair-of-sara-lee-socks-for-dad-terms-and-conditions-2/",
                "source": "Source: saralee.com.au (https://saralee.com.au/enter-for-your-chance-to-win-a-pair-of-sara-lee-socks-for-dad-terms-and-conditions-2/)",
                "title": "Enter for your chance to WIN a pair of Sara Lee socks for Dad! Terms and Conditions &#8211; Sara Lee",
                "headline": "Enter for your chance to WIN a pair of Sara Lee socks for Dad! Terms and Conditions",
                "type": "PRIZE",
                "heroCount": 25,
                "totalWinners": 25,
                "cadence": null,
                "prizeItems": [
                  "data",
                  "car",
                  "tv",
                  "cash",
                  "plan"
                ],
                "prizeValueHint": "$30",
                "confidence": 0.6,
                "viaRedemption": false,
                "giftCard": null
              },
              {
                "brand": "Sara Lee",
                "url": "https://saralee.com.au/enter-for-your-chance-to-win-a-kitchenaid-mixer/",
                "source": "Source: saralee.com.au (https://saralee.com.au/enter-for-your-chance-to-win-a-kitchenaid-mixer/)",
                "title": "Enter for your chance to WIN a KitchenAid Mixer! &#8211; Sara Lee",
                "headline": "Enter for your chance to WIN a KitchenAid Mixer!",
                "type": "PRIZE",
                "heroCount": null,
                "totalWinners": null,
                "cadence": null,
                "prizeItems": [
                  "data",
                  "car",
                  "tv",
                  "plan",
                  "trip"
                ],
                "prizeValueHint": null,
                "confidence": 0.6,
                "viaRedemption": false,
                "giftCard": null
              },
              {
                "brand": "TUFFSTREETERS",
                "url": "https://tuffstreeters.com.au/",
                "source": "Source: tuffstreeters.com.au (https://tuffstreeters.com.au/)",
                "title": "Home - Tuff Streeters",
                "headline": "We Are Tuff Streeters",
                "type": "PRIZE",
                "heroCount": null,
                "totalWinners": null,
                "cadence": "weekly",
                "prizeItems": [
                  "car",
                  "data",
                  "cash",
                  "trip"
                ],
                "prizeValueHint": "$100",
                "confidence": 0.6,
                "viaRedemption": false,
                "giftCard": null
              },
              {
                "brand": "LINKT",
                "url": "https://www.linkt.com.au/campaigns/driveaway/sydney",
                "source": "Source: linkt.com.au (https://www.linkt.com.au/campaigns/driveaway/sydney)",
                "title": "Pardon Our Interruption",
                "headline": "Pardon Our Interruption",
                "type": "PRIZE",
                "heroCount": null,
                "totalWinners": null,
                "cadence": null,
                "prizeItems": [],
                "prizeValueHint": null,
                "confidence": 0.6,
                "viaRedemption": false,
                "giftCard": null
              },
              {
                "brand": "YOURTOWN",
                "url": "https://www.yourtown.com.au/",
                "source": "Source: yourtown.com.au (https://www.yourtown.com.au/)",
                "title": "yourtown | Art Union & Community Services | Prize Homes",
                "headline": "Every young person deserves a chance to thrive",
                "type": "PRIZE",
                "heroCount": null,
                "totalWinners": null,
                "cadence": null,
                "prizeItems": [
                  "car",
                  "data",
                  "tv"
                ],
                "prizeValueHint": null,
                "confidence": 0.6,
                "viaRedemption": false,
                "giftCard": null
              },
              {
                "brand": "RAFFLETIX",
                "url": "https://www.raffletix.com.au/raffles",
                "source": "Source: raffletix.com.au (https://www.raffletix.com.au/raffles)",
                "title": "Live raffles",
                "headline": "Live raffles",
                "type": "PRIZE",
                "heroCount": null,
                "totalWinners": null,
                "cadence": null,
                "prizeItems": [
                  "tv",
                  "data",
                  "car"
                ],
                "prizeValueHint": null,
                "confidence": 0.6,
                "viaRedemption": false,
                "giftCard": null
              },
              {
                "brand": "MOTORCULTUREAUSTRALIA",
                "url": "https://www.motorcultureaustralia.com/current-giveaways/",
                "source": "Source: motorcultureaustralia.com (https://www.motorcultureaustralia.com/current-giveaways/)",
                "title": "Current Giveaways &#8211; Motor Culture Australia",
                "headline": "1 DAY ONLY! Mercedes AMG C63S ¬∑ 1 WEEK ONLY: Brand New INEOS Grenadier ¬∑ 1 DAY ONLY: $100,000 Cash Giveaway ¬∑ 2023 Honda Civic Type R ¬∑ 1 Week Only: Brand New 2024 ...",
                "type": "PRIZE",
                "heroCount": null,
                "totalWinners": null,
                "cadence": null,
                "prizeItems": [
                  "data",
                  "car",
                  "cash",
                  "trip"
                ],
                "prizeValueHint": "$100,000",
                "confidence": 0.6,
                "viaRedemption": false,
                "giftCard": null
              },
              {
                "brand": "RSREWARDS",
                "url": "https://rsrewards.com.au/competition",
                "source": "Source: rsrewards.com.au (https://rsrewards.com.au/competition)",
                "title": "RS Rewards - Australia's Best Rewards Club",
                "headline": "Join RS Rewards for monthly prize draws and exclusive competitions. Win amazing prizes including cash, gift cards, and more. Enter our monthly raffles ...",
                "type": "PRIZE",
                "heroCount": null,
                "totalWinners": null,
                "cadence": "weekly",
                "prizeItems": [
                  "cash",
                  "gift card",
                  "car",
                  "trip",
                  "data",
                  "plan",
                  "plans"
                ],
                "prizeValueHint": "$20",
                "confidence": 0.6,
                "viaRedemption": false,
                "giftCard": null
              },
              {
                "brand": "REDBULL",
                "url": "https://www.redbull.com/au-en/events/red-bull-dance-your-style-national-finals-australia",
                "source": "Source: redbull.com (https://www.redbull.com/au-en/events/red-bull-dance-your-style-national-finals-australia)",
                "title": "Red Bull Dance Your Style Final Australia 2025",
                "headline": "Red Bull Dance Your Style is a 1v1 Street Dance battle competition where Australia's best street dancers dance to unpredictable music hits and the crowd ...",
                "type": "PRIZE",
                "heroCount": null,
                "totalWinners": null,
                "cadence": null,
                "prizeItems": [
                  "data",
                  "car"
                ],
                "prizeValueHint": null,
                "confidence": 0.6,
                "viaRedemption": false,
                "giftCard": null
              },
              {
                "brand": "MASTERSOFCHOREOGRAPHY",
                "url": "https://www.mastersofchoreography.com/udo-australia",
                "source": "Source: mastersofchoreography.com (https://www.mastersofchoreography.com/udo-australia)",
                "title": "UDO AUSTRALIA | Masters Of Choreogra",
                "headline": "UDO Australia falls under the Masters of Choreography umbrella and is our National Street Dance competition which we have hosted since 2015.",
                "type": "PRIZE",
                "heroCount": null,
                "totalWinners": null,
                "cadence": null,
                "prizeItems": [
                  "tv",
                  "data",
                  "car",
                  "plans",
                  "trip",
                  "giftcard",
                  "plan"
                ],
                "prizeValueHint": null,
                "confidence": 0.6,
                "viaRedemption": false,
                "giftCard": null
              },
              {
                "brand": "DARLINGHARBOUR",
                "url": "https://www.darlingharbour.com/whats-on/archive/events/beat-breakdown",
                "source": "Source: darlingharbour.com (https://www.darlingharbour.com/whats-on/archive/events/beat-breakdown)",
                "title": "Beat Breakdown - Battle it out at Sydney&#39;s 1v1 Street Dance Showdown in Darling Harbour | Darling Harbour",
                "headline": "Beat Breakdown",
                "type": "PRIZE",
                "heroCount": null,
                "totalWinners": null,
                "cadence": "weekly",
                "prizeItems": [
                  "data",
                  "car",
                  "plan"
                ],
                "prizeValueHint": null,
                "confidence": 0.6,
                "viaRedemption": false,
                "giftCard": null
              },
              {
                "brand": "TRANSPORT",
                "url": "https://www.transport.nsw.gov.au/industry/cities-and-active-transport/cities-revitalisation-and-place/festival-of-place/creative-3",
                "source": "Source: transport.nsw.gov.au (https://www.transport.nsw.gov.au/industry/cities-and-active-transport/cities-revitalisation-and-place/festival-of-place/creative-3)",
                "title": "Public Space Ideas Competition | Transport for NSW",
                "headline": "The Ideas Competition aimed to shape a new conversation about public space in Sydney and was delivered in partnership with the Committee for Sydney.",
                "type": "PRIZE",
                "heroCount": null,
                "totalWinners": null,
                "cadence": null,
                "prizeItems": [
                  "car",
                  "data",
                  "tv",
                  "trip",
                  "plan"
                ],
                "prizeValueHint": null,
                "confidence": 0.6,
                "viaRedemption": false,
                "giftCard": null
              },
              {
                "brand": "NUTELLA",
                "url": "https://www.nutella.com/au/en/xp/nutella-x-kinder-biscuits/faq/",
                "source": "Source: nutella.com (https://www.nutella.com/au/en/xp/nutella-x-kinder-biscuits/faq/)",
                "title": "Nutella x Kinder Biscuits promotion",
                "headline": "Frequently Asked Questions",
                "type": "PRIZE",
                "heroCount": null,
                "totalWinners": null,
                "cadence": "instant",
                "prizeItems": [
                  "data",
                  "gift card",
                  "car"
                ],
                "prizeValueHint": "$100",
                "confidence": 0.6,
                "viaRedemption": false,
                "giftCard": null
              },
              {
                "brand": "KINDER",
                "url": "https://www.kinder.com/au/en/xp/kinderbuenosoundbreaks/term-conditions",
                "source": "Source: kinder.com (https://www.kinder.com/au/en/xp/kinderbuenosoundbreaks/term-conditions)",
                "title": "T&amp;C | Kinder Bueno Sound Breaks",
                "headline": "All provisional winners are subject to verification. Upon verification, winners will be sent their prize. Total prize pool. The total prize pool is AU$43,022.",
                "type": "PRIZE",
                "heroCount": 1,
                "totalWinners": null,
                "cadence": "daily",
                "prizeItems": [
                  "data",
                  "car",
                  "holiday",
                  "cash",
                  "plan"
                ],
                "prizeValueHint": "$439",
                "confidence": 0.6,
                "viaRedemption": false,
                "giftCard": null
              },
              {
                "brand": "NUTELLA",
                "url": "https://www.nutella.com/au/en/xp/nutella-x-kinder-biscuits/winners/",
                "source": "Source: nutella.com (https://www.nutella.com/au/en/xp/nutella-x-kinder-biscuits/winners/)",
                "title": "Winners - Nutella",
                "headline": "Winners",
                "type": "PRIZE",
                "heroCount": null,
                "totalWinners": null,
                "cadence": null,
                "prizeItems": [
                  "data",
                  "gift card",
                  "car"
                ],
                "prizeValueHint": "$10,000",
                "confidence": 0.6,
                "viaRedemption": false,
                "giftCard": null
              },
              {
                "brand": "KINDER",
                "url": "https://www.kinder.com/au/en/kinder-natoons-consumer-promotion-faq",
                "source": "Source: kinder.com (https://www.kinder.com/au/en/kinder-natoons-consumer-promotion-faq)",
                "title": "Kinder Natoons Consumer Promotion FAQ - Kinder Australia and New Zealand",
                "headline": "Kinder Natoons Consumer Promotion FAQ",
                "type": "PRIZE",
                "heroCount": null,
                "totalWinners": null,
                "cadence": "daily",
                "prizeItems": [
                  "car",
                  "data",
                  "tv"
                ],
                "prizeValueHint": null,
                "confidence": 0.6,
                "viaRedemption": false,
                "giftCard": null
              },
              {
                "brand": "TCGPROMO",
                "url": "https://tcgpromo.com.au/au/en/xp/win/terms-lavazza/",
                "source": "Source: tcgpromo.com.au (https://tcgpromo.com.au/au/en/xp/win/terms-lavazza/)",
                "title": "Terms-Lavazza | Nutella¬†DeLonghi Promotion",
                "headline": "All draws will take place at 3:30pm AEST/AEDT (5:30pm NZDT) at Handling Matters Pty Ltd, Unit 40, 1-5 Thew Parade, Cromer NSW 2099 on the dates specified in the ...",
                "type": "PRIZE",
                "heroCount": 250,
                "totalWinners": null,
                "cadence": null,
                "prizeItems": [
                  "data",
                  "car",
                  "gift card",
                  "cash",
                  "plan"
                ],
                "prizeValueHint": "$15",
                "confidence": 0.6,
                "viaRedemption": false,
                "giftCard": null
              },
              {
                "brand": "Woolworths",
                "url": "https://www.lottos.com.au/competitions/viewthreadlite.php?tid=672336",
                "source": "Source: lottos.com.au (https://www.lottos.com.au/competitions/viewthreadlite.php?tid=672336)",
                "title": "Verifying...",
                "headline": "The winner of the Major Prize Draw will win one (1) $10,000 EFTPOS Gift Card. Total prize pool. The total prize pool is AU$50,000. How many ...",
                "type": "PRIZE",
                "heroCount": null,
                "totalWinners": null,
                "cadence": null,
                "prizeItems": [
                  "data"
                ],
                "prizeValueHint": null,
                "confidence": 0.6,
                "viaRedemption": false,
                "giftCard": null
              },
              {
                "brand": "KINDER",
                "url": "https://www.kinder.com/au/en/win",
                "source": "Source: kinder.com (https://www.kinder.com/au/en/win)",
                "title": "Win - Kinder Australia and New Zealand",
                "headline": "Enter for a chance to win 1 of 1500 Natoons Adventure Boards.",
                "type": "PRIZE",
                "heroCount": 150,
                "totalWinners": null,
                "cadence": null,
                "prizeItems": [
                  "data",
                  "car"
                ],
                "prizeValueHint": null,
                "confidence": 0.6,
                "viaRedemption": false,
                "giftCard": null
              },
              {
                "brand": "AP-SOUTHEAST-2",
                "url": "https://ap-southeast-2.graphassets.com/AY4aDPEmTRrKdZ4jgHiscz/cmbr6yjzfyqw6072vyro8jeep",
                "source": "Source: ap-southeast-2.graphassets.com (https://ap-southeast-2.graphassets.com/AY4aDPEmTRrKdZ4jgHiscz/cmbr6yjzfyqw6072vyro8jeep)",
                "title": "PR240643 - Conversion - Nutella and Kinder Biscuits Promotion",
                "headline": "Entries open at 12:00am AEST on 16/07/25 and close at 11:59pm AEST on 26/08/25. (‚ÄúCompetition Period‚Äù). Who can enter?",
                "type": "PRIZE",
                "heroCount": null,
                "totalWinners": null,
                "cadence": null,
                "prizeItems": [
                  "tv",
                  "giftcard",
                  "car"
                ],
                "prizeValueHint": "$79",
                "confidence": 0.6,
                "viaRedemption": false,
                "giftCard": null
              },
              {
                "brand": "FERRERO",
                "url": "https://www.ferrero.com/int/en/news-stories/news/tic-tac-launches-new-choose-your-match-campaign",
                "source": "Source: ferrero.com (https://www.ferrero.com/int/en/news-stories/news/tic-tac-launches-new-choose-your-match-campaign)",
                "title": "Tic Tac Launches &#039;Choose Your Match&#039; Campaign - Vote for the Next Limited-Edition Flavor | Ferrero",
                "headline": "Join Tic Tac's 'Choose Your Match' campaign and help decide the next limited-edition flavor! Explore new refreshing Tic Tac flavors, ...",
                "type": "PRIZE",
                "heroCount": null,
                "totalWinners": null,
                "cadence": null,
                "prizeItems": [
                  "car",
                  "plan",
                  "data",
                  "trip",
                  "tv"
                ],
                "prizeValueHint": null,
                "confidence": 0.6,
                "viaRedemption": false,
                "giftCard": null
              },
              {
                "brand": "EMPORIUMSHOWBAGS",
                "url": "https://emporiumshowbags.com.au/terms-and-conditions/",
                "source": "Source: emporiumshowbags.com.au (https://emporiumshowbags.com.au/terms-and-conditions/)",
                "title": "Terms and Conditions | Emporium Showbags",
                "headline": "Winners will be posted on @‚Äåemporiumshowbags Instagram stories at 7pm Wednesday 24th September 2025 AEDT. Winner will be contacted through our official ...",
                "type": "PRIZE",
                "heroCount": null,
                "totalWinners": null,
                "cadence": null,
                "prizeItems": [
                  "data",
                  "car",
                  "cash",
                  "gift card",
                  "voucher",
                  "tv"
                ],
                "prizeValueHint": "$500",
                "confidence": 0.6,
                "viaRedemption": false,
                "giftCard": null
              },
              {
                "brand": "Gelatissimo",
                "url": "https://gelatissimo.com.au/gelatissimo-marion-birthday-giveaway-tcs/",
                "source": "Source: gelatissimo.com.au (https://gelatissimo.com.au/gelatissimo-marion-birthday-giveaway-tcs/)",
                "title": "Gelatissimo Marion Birthday Giveaway T&amp;Cs - Gelatissimo",
                "headline": "Gelatissimo Marion Birthday Giveaway T&#038;Cs",
                "type": "PRIZE",
                "heroCount": null,
                "totalWinners": null,
                "cadence": "daily",
                "prizeItems": [
                  "data",
                  "car",
                  "gift card",
                  "cash",
                  "tv"
                ],
                "prizeValueHint": "$500",
                "confidence": 0.6,
                "viaRedemption": false,
                "giftCard": null
              },
              {
                "brand": "GELATISSIMO",
                "url": "https://gelatissimo.com.au/social-competition-terms-conditions/",
                "source": "Source: gelatissimo.com.au (https://gelatissimo.com.au/social-competition-terms-conditions/)",
                "title": "Social Competitions - Terms &amp; Conditions - Gelatissimo",
                "headline": "Social Competitions &#8211; Terms &#038; Conditions",
                "type": "PRIZE",
                "heroCount": null,
                "totalWinners": null,
                "cadence": "daily",
                "prizeItems": [
                  "data",
                  "car",
                  "gift card",
                  "cash",
                  "tv"
                ],
                "prizeValueHint": "$20",
                "confidence": 0.6,
                "viaRedemption": false,
                "giftCard": null
              },
              {
                "brand": "GELATISSIMO",
                "url": "https://gelatissimo.com.au/turtally-awesome-colouring-in-competition/",
                "source": "Source: gelatissimo.com.au (https://gelatissimo.com.au/turtally-awesome-colouring-in-competition/)",
                "title": "Turtally Awesome Colouring In Competition - Gelatissimo",
                "headline": "Turtally Awesome Colouring In Competition",
                "type": "PRIZE",
                "heroCount": 46,
                "totalWinners": null,
                "cadence": "daily",
                "prizeItems": [
                  "data",
                  "car",
                  "cash",
                  "plan",
                  "gift card",
                  "tv"
                ],
                "prizeValueHint": "$49",
                "confidence": 0.6,
                "viaRedemption": false,
                "giftCard": null
              },
              {
                "brand": "GELATISSIMO",
                "url": "https://gelatissimo.com.au/celebrate-mont-blanc-moccamaster-giveaway-tcs/",
                "source": "Source: gelatissimo.com.au (https://gelatissimo.com.au/celebrate-mont-blanc-moccamaster-giveaway-tcs/)",
                "title": "Celebrate Mont Blanc - Moccamaster Giveaway T&amp;Cs - Gelatissimo",
                "headline": "Celebrate Mont Blanc &#8211; Moccamaster Giveaway T&#038;Cs",
                "type": "PRIZE",
                "heroCount": null,
                "totalWinners": null,
                "cadence": "daily",
                "prizeItems": [
                  "data",
                  "car",
                  "cash",
                  "gift card",
                  "tv"
                ],
                "prizeValueHint": "$600",
                "confidence": 0.6,
                "viaRedemption": false,
                "giftCard": null
              },
              {
                "brand": "Gelatissimo",
                "url": "https://gelatissimo.com.au/gelatissimo-x-transformers-one-merchandise-competition-terms-conditions/",
                "source": "Source: gelatissimo.com.au (https://gelatissimo.com.au/gelatissimo-x-transformers-one-merchandise-competition-terms-conditions/)",
                "title": "Gelatissimo x TRANSFORMERS ONE Merchandise Competition Terms &amp; Conditions - Gelatissimo",
                "headline": "Gelatissimo x TRANSFORMERS ONE Merchandise Competition Terms &#038; Conditions",
                "type": "PRIZE",
                "heroCount": 15,
                "totalWinners": null,
                "cadence": "daily",
                "prizeItems": [
                  "data",
                  "car",
                  "cash",
                  "plan",
                  "gift card",
                  "tv"
                ],
                "prizeValueHint": "$500",
                "confidence": 0.6,
                "viaRedemption": false,
                "giftCard": null
              }
            ]
          },
          "retailers": {
            "names": [
              "Coles",
              "Woolworths",
              "ALDI",
              "IGA",
              "7-Eleven",
              "IGA / Metcash",
              "Convenience chains (7-Eleven, NightOwl)"
            ],
            "facts": [
              {
                "claim": "Shop Wicked Sister Products Online ‚Äî Spend $20 in one transaction, scan your Flybuys and receive one bonus ... Coles Online - Hawthorn East, Victoria Australia 3123 ¬© Copyright Coles 2025 ...",
                "source": "Source: coles.com.au (https://www.coles.com.au/brands/wicked-sister-2243304464?srsltid=AfmBOorYQ8EpCARESOfggSYw6a0kH6Cd3I8WTHdJ2uPnxIgPwdEmQSyX)"
              },
              {
                "claim": "Shop Wicked Products Online ‚Äî Wicked Sister High Protein Chocolate Pudding | 170g. Wicked Sister High Protein Chocolate Pudding | 170g. $3.30. $1.94 per 100g.",
                "source": "Source: coles.com.au (https://www.coles.com.au/brands/wicked-209964905?srsltid=AfmBOortoQhVbLxDlHASP978vo60t2xIrbty54sQNgLP1XZNkHeuMoVj)"
              },
              {
                "claim": "Shop Wicked Sister Products Online ‚Äî Shop your way at Coles. Our range of Wicked Sister products at everyday low prices you know and trust. Shop online and get home delivery or click and ...",
                "source": "Source: coles.com.au (https://www.coles.com.au/brands/wicked-sister-2243304464?srsltid=AfmBOophw4pZ-ovAdz4Yo1Wu-oOmT-q36A_DguVvm1KJ1Y5teT7wiTKK)"
              },
              {
                "claim": "Browse Frozen Desserts ‚Äî Frozen Desserts ; Sara Lee Lemon Cheesecake | 410g ¬∑ $2.20 per 100g ; Sara Lee Frozen Chocolate Buttercake | 350g ¬∑ $2.57 per 100g ; Sara Lee ...",
                "source": "Source: coles.com.au (https://www.coles.com.au/browse/frozen/frozen-desserts?srsltid=AfmBOoqADk4B-Ru-b16VsUXkYkjrkoV-PHhDU49mf67OBdGP2in7EG7t)"
              },
              {
                "claim": "Browse Assorted Desserts ‚Äî Assorted Desserts ; Sara Lee Frozen Chocolate Buttercake | 350g ¬∑ $9.00. $2.57 per 100g ; Coles Finest Triple Chocolate Buche | 470g ¬∑ $18.00.",
                "source": "Source: coles.com.au (https://www.coles.com.au/browse/frozen/frozen-desserts/assorted-desserts?srsltid=AfmBOoqLhpCXuJ8382fayyc4PQ8RPG3OAm3owlAHdkMPjR1g9IWQL5_N)"
              },
              {
                "claim": "Browse Frozen ‚Äî Binggrae Samanco Dessert Sandwich 4 Pack. Frozen dessert with strawberry or red bean flavours. Shop Now.",
                "source": "Source: coles.com.au (https://www.coles.com.au/browse/frozen?srsltid=AfmBOooaZxqdFdACnLS3yFGQgsu_guylkITN7tX67HTQrC-MnBEEpot1)"
              },
              {
                "claim": "Browse Ice Cream ‚Äî Proud & Punch Coconuts For Mango Frozen Dessert 6 Pack | 450mL. Proud & Punch Coconuts For Mango Frozen Dessert 6 Pack | 450mL. $4.25.",
                "source": "Source: coles.com.au (https://www.coles.com.au/browse/frozen/ice-cream?srsltid=AfmBOopKVUD0tKALr3q2cigrPI24lPrC5JUNTGfeZWP0tHdIiJ964h_W)"
              },
              {
                "claim": "Browse Cakes & Cheesecakes ‚Äî Sara Lee Lemon Cheesecake | 410g ¬∑ $2.20 per 100g ; Sara Lee Frozen Chocolate Buttercake | 350g ¬∑ $2.57 per 100g ; Sara Lee Frozen Chocolate ...",
                "source": "Source: coles.com.au (https://www.coles.com.au/browse/frozen/frozen-desserts/cakes-cheesecakes?srsltid=AfmBOoqRuWbhAPkO3Sbtpqm1KvK3E9gS8F9j4TO18tYXyN36IOJMwGxq)"
              }
            ]
          },
          "season": {
            "label": "Spring in Australia",
            "facts": []
          },
          "market": {
            "facts": [
              {
                "claim": "Bridging the gap: Trends and challenges in grocery and retail ‚Äî With consumers increasingly seeking convenience, food-to-go and meal solutions are becoming increasingly popular. While many grocery retailers ...",
                "source": "Source: retail.org.au (https://www.retail.org.au/news-and-insights/bridging-the-gap-trends-and-challenges-in-grocery-and-retail)"
              },
              {
                "claim": "Supermarkets and Grocery Stores in Australia ‚Äî Trends and Insights ¬∑ ACCC's supermarket inquiry has highlighted key industry dynamics. ¬∑ Changing consumer trends are causing a shift in store product mixes.",
                "source": "Source: ibisworld.com (https://www.ibisworld.com/australia/industry/supermarkets-and-grocery-stores/1834/)"
              },
              {
                "claim": "Australian Retail Outlook 2025 ‚Äî Retail sector trends and insights for 2025, including digital evolution, customer experience, sustainability and supply chain optimisation.",
                "source": "Source: kpmg.com (https://kpmg.com/au/en/insights/industry/australian-retail-outlook.html)"
              },
              {
                "claim": "People infer better odds when many winners are visible; cadence visibility (e.g., daily awards) increases perceived fairness.",
                "source": "Source: indicative (behavioural marketing literature)"
              }
            ]
          },
          "signals": {
            "facts": [
              {
                "claim": "Client: Wicked Sister",
                "source": "Source: brief"
              },
              {
                "claim": "Brand: Wicked Sister",
                "source": "Source: brief"
              },
              {
                "claim": "Campaign objective: Drive two-pack purchases and capture opted-in dessert fans before the Wicked film release.",
                "source": "Source: brief"
              },
              {
                "claim": "Promotion type: INSTANT_WIN",
                "source": "Source: brief"
              },
              {
                "claim": "Mechanic: Buy 2 products, upload receipts and discover instantly if you‚Äôve scored a movie ticket.",
                "source": "Source: brief"
              },
              {
                "claim": "Hook: Win a Movie Ticket Instantly",
                "source": "Source: brief"
              },
              {
                "claim": "Channels: In-store",
                "source": "Source: brief"
              },
              {
                "claim": "Channels: Social",
                "source": "Source: brief"
              },
              {
                "claim": "Channels: Digital",
                "source": "Source: brief"
              },
              {
                "claim": "Channels: Influencer",
                "source": "Source: brief"
              },
              {
                "claim": "Channels: Retail Media",
                "source": "Source: brief"
              },
              {
                "claim": "Channels: GROCERY",
                "source": "Source: brief"
              },
              {
                "claim": "Channels: CONVENIENCE",
                "source": "Source: brief"
              },
              {
                "claim": "Season/theme: Spring",
                "source": "Source: brief"
              },
              {
                "claim": "Staff burden: ZERO",
                "source": "Source: brief"
              },
              {
                "claim": "Proof requirement: FULL_RECEIPT",
                "source": "Source: brief"
              },
              {
                "claim": "Entry mechanic cues: Win a Movie Ticket Instantly",
                "source": "Source: brief"
              },
              {
                "claim": "Entry mechanic cues: Buy 2 products, upload receipts and discover instantly if you‚Äôve scored a movie ticket.",
                "source": "Source: brief"
              },
              {
                "claim": "Campaign title: Spring Movie Launch",
                "source": "Source: brief"
              },
              {
                "claim": "IP tie-in briefed (licensed): Wicked ‚Äî For Good | type: FILM | window: November 2025.",
                "source": "Source: brief"
              },
              {
                "claim": "Recent promos show hero prize counts clustering around ~35.5 (mode ‚âà 1).",
                "source": "Source: indicative (live promo scan)"
              },
              {
                "claim": "Cadence cues common in-market: instant & weekly & daily.",
                "source": "Source: indicative (live promo scan)"
              }
            ]
          },
          "benchmarks": {
            "heroPrize": {
              "median": 35.5,
              "mode": 1
            },
            "cadenceShare": {
              "instant": 0.3529411764705883,
              "weekly": 0.2352941176470588,
              "daily": 0.4117647058823529
            },
            "manyWinnersShare": 0,
            "prizeCountsObserved": {
              "total": 10,
              "common": [
                {
                  "count": 1,
                  "share": 0.2
                },
                {
                  "count": 150,
                  "share": 0.2
                },
                {
                  "count": 3,
                  "share": 0.1
                }
              ]
            },
            "recommendedHeroCount": 3,
            "positionVsMarket": "UNKNOWN"
          },
          "meta": {
            "level": "MAX",
            "warnings": [],
            "usedFallbacks": [],
            "searchProvider": "serper",
            "logs": [
              "search:serper:The Wicked Sisters shopper promotion AU -> 6",
              "search:serper:The Wicked Sisters Coles promotion AU -> 6",
              "search:serper:Frozen dessert Australia market trend -> 6",
              "search:serper:Australia grocery & convenience retail trends -> 6",
              "search:serper:The Wicked Sisters shopper insights AU -> 6",
              "search:serper:Frozen dessert promotion Australia -> 6",
              "search:serper:The Wicked Sisters consumer insights AU -> 6",
              "search:serper:The Wicked Sisters consumer research AU -> 6",
              "search:serper:The Wicked Sisters Coles activation Australia -> 6",
              "search:serper:Frozen dessert category growth Australia -> 6",
              "search:serper:The Wicked Sisters brand campaign AU -> 6",
              "search:serper:The Wicked Sisters buyer insight AU -> 6",
              "search:serper:The Wicked Sisters Coles buyer pitch -> 6",
              "search:serper:The Wicked Sisters market share AU -> 6",
              "search:serper:The Wicked Sisters audience profile Australia -> 6",
              "search:serper:The Wicked Sisters Drive two-pack purchases and capture opted-in dessert fans before the Wicked film release. promotion AU -> 6",
              "search:serper:The Wicked Sisters Coles range review -> 6",
              "search:serper:The Wicked Sisters category performance AU -> 6",
              "search:serper:Primary grocery buyers shopper insights AU -> 6",
              "search:serper:The Wicked Sisters Coles case study -> 6",
              "search:serper:The Wicked Sisters Win a Movie Ticket Instantly promotion AU -> 6",
              "search:serper:The Wicked Sisters sales growth AU -> 6",
              "search:serper:Primary grocery buyers promotion response AU -> 6",
              "search:serper:The Wicked Sisters Woolworths promotion AU -> 6",
              "search:serper:The Wicked Sisters Buy 2 products, upload receipts and discover instantly if you‚Äôve scored a movie ticket. promotion AU -> 6",
              "search:serper:The Wicked Sisters Woolworths activation Australia -> 6",
              "search:serper:The Wicked Sisters Australia -> 6",
              "search:serper:They reward the family with purposeful treats that feel magical but still practical. shopper insights AU -> 6",
              "search:serper:The Wicked Sisters prize draw Australia -> 6",
              "search:serper:The Wicked Sisters Woolworths buyer pitch -> 6",
              "search:serper:They reward the family with purposeful treats that feel magical but still practical. promotion response AU -> 6",
              "search:serper:Plans movie nights, shares dessert finds on social, responds to retailer app notifications. shopper insights AU -> 6",
              "search:serper:The Wicked Sisters Woolworths range review -> 6",
              "search:serper:The Wicked Sisters Woolworths case study -> 6",
              "search:serper:Plans movie nights, shares dessert finds on social, responds to retailer app notifications. promotion response AU -> 6",
              "search:serper:In-store shopper behaviour AU -> 6",
              "search:serper:The Wicked Sisters ALDI promotion AU -> 6",
              "search:serper:The Wicked Sisters ALDI activation Australia -> 6",
              "search:serper:Social shopper behaviour AU -> 6",
              "search:serper:The Wicked Sisters ALDI buyer pitch -> 6",
              "search:serper:Digital shopper behaviour AU -> 6",
              "search:serper:Influencer shopper behaviour AU -> 6",
              "search:serper:The Wicked Sisters ALDI range review -> 6",
              "search:serper:The Wicked Sisters ALDI case study -> 6",
              "search:serper:Australia grocery shopper promotion trends -> 6",
              "search:serper:The Wicked Sisters IGA promotion AU -> 6",
              "search:serper:front-of-store impulse purchase research Australia -> 6",
              "search:serper:The Wicked Sisters IGA activation Australia -> 6",
              "search:serper:AU retail promotional response study -> 6",
              "search:serper:The Wicked Sisters IGA buyer pitch -> 6",
              "search:serper:The Wicked Sisters IGA range review -> 6",
              "search:serper:The Wicked Sisters IGA case study -> 6",
              "search:serper:The Wicked Sisters 7-Eleven promotion AU -> 6",
              "search:serper:The Wicked Sisters 7-Eleven activation Australia -> 6",
              "search:serper:The Wicked Sisters 7-Eleven buyer pitch -> 6",
              "search:serper:The Wicked Sisters 7-Eleven range review -> 6",
              "search:serper:The Wicked Sisters 7-Eleven case study -> 6",
              "search:serper:The Wicked Sisters IGA / Metcash promotion AU -> 6",
              "search:serper:The Wicked Sisters IGA / Metcash activation Australia -> 6",
              "search:serper:The Wicked Sisters IGA / Metcash buyer pitch -> 2",
              "search:serper:The Wicked Sisters IGA / Metcash range review -> 6",
              "search:serper:The Wicked Sisters IGA / Metcash case study -> 6",
              "search:serper:The Wicked Sisters Convenience chains (7-Eleven, NightOwl) promotion AU -> 6",
              "search:serper:The Wicked Sisters Convenience chains (7-Eleven, NightOwl) activation Australia -> 6",
              "search:serper:The Wicked Sisters Convenience chains (7-Eleven, NightOwl) buyer pitch -> 6",
              "search:serper:The Wicked Sisters Convenience chains (7-Eleven, NightOwl) range review -> 6",
              "search:serper:The Wicked Sisters Convenience chains (7-Eleven, NightOwl) case study -> 6",
              "search:serper:The Wicked Sisters ranging Australia -> 6",
              "search:serper:The Wicked Sisters retail buyer feedback -> 6",
              "search:serper:The Wicked Sisters supermarket partnership Australia -> 6",
              "search:serper:Coles freezer space Frozen dessert AU -> 5",
              "search:serper:Frozen dessert treat cost of living AU -> 5",
              "search:serper:Coles range review Frozen dessert AU -> 5",
              "search:serper:Frozen dessert grocery budget indulgence AU -> 5",
              "search:serper:Coles shelf space competition Frozen dessert -> 5",
              "search:serper:Frozen dessert family dessert sharing insight -> 5",
              "search:serper:Woolworths freezer space Frozen dessert AU -> 5",
              "search:serper:Frozen dessert shopper mum buying for family -> 5",
              "search:serper:Woolworths range review Frozen dessert AU -> 5",
              "search:serper:Woolworths shelf space competition Frozen dessert -> 5",
              "search:serper:Frozen dessert affordable luxury Australia -> 5",
              "search:serper:ALDI freezer space Frozen dessert AU -> 5",
              "search:serper:cost of living grocery treat australia -> 5",
              "search:serper:ALDI range review Frozen dessert AU -> 5",
              "search:serper:grocery buyer vs eater insight australia -> 5",
              "search:serper:The Wicked Sisters shopper insight australia -> 5",
              "search:serper:ALDI shelf space competition Frozen dessert -> 5",
              "search:serper:The Wicked Sisters cost of living -> 5",
              "search:serper:IGA freezer space Frozen dessert AU -> 5",
              "search:serper:The Wicked Sisters treat mom insight -> 5",
              "search:serper:IGA range review Frozen dessert AU -> 5",
              "search:serper:IGA shelf space competition Frozen dessert -> 5",
              "search:serper:7-Eleven freezer space Frozen dessert AU -> 5",
              "search:serper:7-Eleven range review Frozen dessert AU -> 5",
              "search:serper:7-Eleven shelf space competition Frozen dessert -> 5",
              "search:serper:IGA / Metcash freezer space Frozen dessert AU -> 5",
              "search:serper:IGA / Metcash range review Frozen dessert AU -> 5",
              "search:serper:IGA / Metcash shelf space competition Frozen dessert -> 5",
              "search:serper:The Wicked Sisters Coles ranging -> 5",
              "search:serper:The Wicked Sisters Woolworths range -> 5",
              "search:serper:The Wicked Sisters freezer facings Australia -> 5",
              "search:serper:Frozen dessert freezer space Australia -> 5",
              "search:serper:Frozen dessert shelf share supermarket -> 5",
              "search:serper:Frozen dessert private label competition Australia -> 5",
              "search:serper:Frozen dessert range review Coles -> 5",
              "search:serper:Frozen dessert range review Woolworths -> 5",
              "search:serper:Frozen dessert independent grocer freezer -> 5",
              "search:serper:Rokeby Farms freezer space Coles -> 5",
              "search:serper:Rokeby Farms Woolworths freezer -> 5",
              "search:serper:Priestley‚Äôs Gourmet Delights freezer space Coles -> 5",
              "search:serper:Priestley‚Äôs Gourmet Delights Woolworths freezer -> 5",
              "search:serper:Jillian's Cakery freezer space Coles -> 5",
              "search:serper:Rokeby Farms promotion AU -> 6",
              "search:serper:Rokeby Farms competition AU -> 6",
              "search:serper:Priestley‚Äôs Gourmet Delights promotion AU -> 6",
              "search:serper:Priestley‚Äôs Gourmet Delights competition AU -> 6",
              "search:serper:Jillian's Cakery promotion AU -> 6",
              "search:serper:Jillian's Cakery competition AU -> 6",
              "search:serper:Belle Fleur promotion AU -> 6",
              "search:serper:Belle Fleur competition AU -> 6",
              "search:serper:Beak & Johnston promotion AU -> 6",
              "search:serper:Beak & Johnston competition AU -> 6",
              "search:serper:Carman's promotion AU -> 6",
              "search:serper:Carman's competition AU -> 6",
              "search:serper:Pauls PLUS+ promotion AU -> 6",
              "search:serper:Pauls PLUS+ competition AU -> 6",
              "search:serper:Chobani promotion AU -> 6",
              "search:serper:Chobani competition AU -> 6",
              "search:serper:Rokeby Farms brand overview AU -> 6",
              "search:serper:Rokeby Farms chilled dessert brand Australia -> 6",
              "search:serper:Rokeby Farms shopper insight AU -> 6",
              "search:serper:Rokeby Farms retail distribution Australia -> 6",
              "search:serper:The Wicked Sisters vs Rokeby Farms -> 6",
              "search:serper:The Wicked Sisters and Rokeby Farms market share -> 6",
              "search:serper:The Wicked Sisters Rokeby Farms comparison Australia -> 6",
              "search:serper:Priestley‚Äôs Gourmet Delights brand overview AU -> 6",
              "search:serper:Priestley‚Äôs Gourmet Delights chilled dessert brand Australia -> 6",
              "search:serper:Priestley‚Äôs Gourmet Delights shopper insight AU -> 6",
              "search:serper:Priestley‚Äôs Gourmet Delights retail distribution Australia -> 6",
              "search:serper:The Wicked Sisters vs Priestley‚Äôs Gourmet Delights -> 6",
              "search:serper:The Wicked Sisters and Priestley‚Äôs Gourmet Delights market share -> 6",
              "search:serper:The Wicked Sisters Priestley‚Äôs Gourmet Delights comparison Australia -> 6",
              "search:serper:Jillian's Cakery brand overview AU -> 6",
              "search:serper:Jillian's Cakery chilled dessert brand Australia -> 6",
              "search:serper:Jillian's Cakery shopper insight AU -> 6",
              "search:serper:Jillian's Cakery retail distribution Australia -> 6",
              "search:serper:The Wicked Sisters vs Jillian's Cakery -> 6",
              "search:serper:The Wicked Sisters and Jillian's Cakery market share -> 6",
              "search:serper:The Wicked Sisters Jillian's Cakery comparison Australia -> 6",
              "search:serper:Belle Fleur brand overview AU -> 6",
              "search:serper:Belle Fleur chilled dessert brand Australia -> 6",
              "search:serper:Belle Fleur shopper insight AU -> 6",
              "search:serper:Belle Fleur retail distribution Australia -> 6",
              "search:serper:The Wicked Sisters vs Belle Fleur -> 6",
              "search:serper:The Wicked Sisters and Belle Fleur market share -> 6",
              "search:serper:The Wicked Sisters Belle Fleur comparison Australia -> 6",
              "search:serper:Beak & Johnston brand overview AU -> 6",
              "search:serper:Beak & Johnston chilled dessert brand Australia -> 6",
              "search:serper:Beak & Johnston shopper insight AU -> 6",
              "search:serper:Beak & Johnston retail distribution Australia -> 6",
              "search:serper:The Wicked Sisters vs Beak & Johnston -> 6",
              "search:serper:The Wicked Sisters and Beak & Johnston market share -> 6",
              "search:serper:The Wicked Sisters Beak & Johnston comparison Australia -> 6",
              "search:serper:Carman's brand overview AU -> 6",
              "search:serper:Carman's chilled dessert brand Australia -> 6",
              "search:serper:Carman's shopper insight AU -> 6",
              "search:serper:Carman's retail distribution Australia -> 6",
              "search:serper:The Wicked Sisters vs Carman's -> 6",
              "search:serper:The Wicked Sisters and Carman's market share -> 6",
              "search:serper:The Wicked Sisters Carman's comparison Australia -> 6",
              "search:serper:Pauls PLUS+ brand overview AU -> 6",
              "search:serper:Pauls PLUS+ chilled dessert brand Australia -> 6",
              "search:serper:Pauls PLUS+ shopper insight AU -> 6",
              "search:serper:Pauls PLUS+ retail distribution Australia -> 6",
              "search:serper:The Wicked Sisters vs Pauls PLUS+ -> 6",
              "search:serper:The Wicked Sisters and Pauls PLUS+ market share -> 6",
              "editorial:success",
              "catType=GENERIC",
              "liquorSub=UNKNOWN",
              "assured=false",
              "promos_collected=83",
              "benchmarks={\"heroPrize\":{\"median\":35.5,\"mode\":1},\"cadenceShare\":{\"instant\":0.35294117647058826,\"weekly\":0.23529411764705882,\"daily\":0.4117647058823529},\"manyWinnersShare\":0,\"prizeCountsObserved\":{\"total\":10,\"common\":[{\"count\":1,\"share\":0.2},{\"count\":150,\"share\":0.2},{\"count\":3,\"share\":0.1}]},\"recommendedHeroCount\":3,\"positionVsMarket\":\"UNKNOWN\"}"
            ],
            "cachedAt": "2025-11-01T07:36:39.136Z"
          },
          "insights": {
            "brand": [
              {
                "text": "Wicked Sister x Wicked ‚Äî Purchase any two packs of Wicked Sister Products for your chance to instantly win a movie ticket!",
                "source": "wickedsisterwin.com.au"
              },
              {
                "text": "FAQs - Wicked Sister x Wicked ‚Äî Buy any 2 packs of Wicked Sister products in one transaction from a Woolworths store during the Woolworths Exclusive promotion period. Then go ...",
                "source": "wickedsisterwin.com.au"
              },
              {
                "text": "Wicked Sister: Home Page ‚Äî Enjoy wickedly delicious desserts designed for everyday indulgence by Wicked Sister. Explore our wicked range, try recipes and find stockists here.",
                "source": "wickedsister.com.au"
              }
            ],
            "audience": [
              {
                "text": "Wicked Sister goes 'For Good' with new Wicked-inspired ... ‚Äî Chilled dessert brand Wicked Sister has launched limited-edition dessert pots inspired by Wicked: For Good film set to premiere next month.",
                "source": "insidefmcg.com.au"
              },
              {
                "text": "Paul Polly from Wicked Sister | Determined to succeed ‚Äî This is the story of Paul Polly and Wicked Sister desserts. Learn how he went from one pot to a $12 million factory.",
                "source": "nab.com.au"
              },
              {
                "text": "Wicked Sister bulks up protein pudding pack size ‚Äî With 15 grams of protein per serving and available in chocolate, strawberry, banana, along with a new vanilla flavour, these join the wider 170 ...",
                "source": "foodanddrinkbusiness.com.au"
              }
            ],
            "retailers": [
              {
                "text": "Shop Wicked Sister Products Online ‚Äî Spend $20 in one transaction, scan your Flybuys and receive one bonus ... Coles Online - Hawthorn East, Victoria Australia 3123 ¬© Copyright Coles 2025 ...",
                "source": "coles.com.au"
              },
              {
                "text": "Shop Wicked Products Online ‚Äî Wicked Sister High Protein Chocolate Pudding | 170g. Wicked Sister High Protein Chocolate Pudding | 170g. $3.30. $1.94 per 100g.",
                "source": "coles.com.au"
              },
              {
                "text": "Shop Wicked Sister Products Online ‚Äî Shop your way at Coles. Our range of Wicked Sister products at everyday low prices you know and trust. Shop online and get home delivery or click and ...",
                "source": "coles.com.au"
              },
              {
                "text": "Browse Frozen Desserts ‚Äî Frozen Desserts ; Sara Lee Lemon Cheesecake | 410g ¬∑ $2.20 per 100g ; Sara Lee Frozen Chocolate Buttercake | 350g ¬∑ $2.57 per 100g ; Sara Lee ...",
                "source": "coles.com.au"
              }
            ],
            "market": [
              {
                "text": "Bridging the gap: Trends and challenges in grocery and retail ‚Äî With consumers increasingly seeking convenience, food-to-go and meal solutions are becoming increasingly popular. While many grocery retailers ...",
                "source": "retail.org.au"
              },
              {
                "text": "Supermarkets and Grocery Stores in Australia ‚Äî Trends and Insights ¬∑ ACCC's supermarket inquiry has highlighted key industry dynamics. ¬∑ Changing consumer trends are causing a shift in store product mixes.",
                "source": "ibisworld.com"
              },
              {
                "text": "Australian Retail Outlook 2025 ‚Äî Retail sector trends and insights for 2025, including digital evolution, customer experience, sustainability and supply chain optimisation.",
                "source": "kpmg.com"
              }
            ],
            "signals": [
              {
                "text": "Client: Wicked Sister",
                "source": "brief"
              },
              {
                "text": "Brand: Wicked Sister",
                "source": "brief"
              },
              {
                "text": "Campaign objective: Drive two-pack purchases and capture opted-in dessert fans before the Wicked film release.",
                "source": "brief"
              },
              {
                "text": "Promotion type: INSTANT_WIN",
                "source": "brief"
              }
            ],
            "competitors": [
              {
                "text": "Brief competitor: Streets",
                "source": "brief"
              },
              {
                "text": "Rokeby Farms Chocolate Protein Smoothie 6 x 425ml ‚Äî Rokeby Farms Chocolate Protein Smoothie 6 x 425ml is a protein drink providing all 9 essential amino acids while providing sustained energy and fullness.",
                "source": "costco.com.au"
              },
              {
                "text": "Rokeby Farms ‚Äî All Rokeby Farms products are now available with Subscribe & Save ¬∑ Enjoy 5% off on every recurring order!",
                "source": "bulkeatswarehouse.com.au"
              },
              {
                "text": "Rokeby Nutrition ‚Äî Rokeby is a nutrition food company based in Melbourne. We make a range of award-winning dairy products to enjoy as part of a healthy lifestyle.",
                "source": "rokebynutrition.com"
              }
            ]
          },
          "dossier": {
            "brandTruths": [
              {
                "text": "Wicked Sister is leveraging the excitement of the upcoming 'Wicked: For Good' film by launching a limited-edition dessert pot range, aiming to drive consumer engagement through a movie-themed promotion.",
                "source": "insidefmcg.com.au"
              },
              {
                "text": "The brand's promotion offers an instant win mechanic, where purchasing two packs of Wicked Sister products gives consumers a chance to win movie tickets, effectively incentivizing multi-pack purchases.",
                "source": "wickedsisterwin.com.au"
              }
            ],
            "shopperTensions": [
              {
                "text": "Consumers are increasingly seeking convenience and indulgence, yet face cost-of-living pressures that may limit discretionary spending on premium desserts.",
                "source": "retail.org.au"
              },
              {
                "text": "While Wicked Sister positions itself as an everyday indulgence, the need to balance health-conscious choices with indulgence may create tension for health-aware consumers.",
                "source": "wickedsister.com.au"
              }
            ],
            "retailerReality": [
              {
                "text": "Coles and Woolworths dominate the retail landscape, with exclusive promotions like the Wicked Sister x Wicked campaign running through Woolworths, highlighting the retailer's clout in driving brand visibility.",
                "source": "coles.com.au"
              },
              {
                "text": "Freezer congestion in major supermarkets can limit shelf space for new product launches, making strategic partnerships with retailers crucial for visibility.",
                "source": "woolworths.com.au"
              }
            ],
            "competitorMoves": [
              {
                "text": "Rokeby Farms is expanding its product range with high-protein offerings, appealing to health-conscious consumers and potentially diverting attention from indulgent dessert options.",
                "source": "rokebynutrition.com"
              },
              {
                "text": "Competitors like Streets continue to maintain strong market presence, emphasizing the need for Wicked Sister to differentiate through unique promotions and partnerships.",
                "source": "brief"
              }
            ],
            "categorySignals": [
              {
                "text": "The frozen desserts market is projected to grow significantly, with a CAGR of approximately 5.4% from 2024 to 2034, indicating a robust opportunity for brands like Wicked Sister to capture market share.",
                "source": "globalinsightservices.com"
              },
              {
                "text": "The Australian ice cream market is expected to grow at a slower pace, with a 1.51% CAGR, suggesting that innovation and unique marketing strategies will be key to driving growth in the frozen dessert segment.",
                "source": "expertmarketresearch.com.au"
              }
            ],
            "benchmarks": []
          }
        },
        "benchmarks": {
          "cashback": {
            "sample": 0,
            "typicalAbs": null,
            "maxAbs": null,
            "typicalPct": null,
            "maxPct": null,
            "p25": null,
            "p75": null,
            "sources": []
          },
          "prizeCountsObserved": {
            "total": 0,
            "common": []
          },
          "recommendedHeroCount": 3,
          "positionVsMarket": "UNKNOWN"
        },
        "debug": {
          "codeVersion": "v4-eval-prose-au-locked",
          "orchestratorHash": "e111e6a52e",
          "composerHash": "fbaef9a7b3",
          "heuristics": {
            "subs": {
              "opv": 0,
              "pr": 0,
              "iw": 1,
              "freq": 0,
              "friction": 1,
              "prize": 0.5,
              "ras": 0,
              "hci": 1,
              "diff": 1
            },
            "total": 4.5,
            "gates": {
              "opv": false,
              "pr": false,
              "iwOrFreq": true,
              "friction": true,
              "ras": false,
              "comprehension": true
            }
          },
          "strategist_prompt": "Campaign: Wicked Sister ‚Äî Spring Movie Launch (Client: Wicked Sister)\nMarket: AU | Category: Frozen Desserts | Brand position: DISRUPTOR\nBRIEF (facts):\nBrand: Wicked Sister | Client: Wicked Sister | Hook: Win a Movie Ticket Instantly | Mechanic: Buy 2 products, upload receipts and discover instantly if you‚Äôve scored a movie ticket. | Promotion: INSTANT_WIN | Retailers: Coles, Woolworths, ALDI, IGA, 7-Eleven | Calendar: Spring | IP tie-in (licensed): Wicked ‚Äî For Good ‚Äî type: FILM ‚Äî window: November 2025 | Orientation: LIVE | RuleFlex: KEEP | Mode: FORWARD (future/in-flight) | Breadth/cadence winners present: ~2010.\nPROMOTRACK (private guardrails & winning patterns):\nPROMOTRACK GUARDRAILS (private; do not cite verbatim):\n- Hassle: prefer one-screen mobile entry; use QR as a pointer only if natural. Avoid mandatory receipt upload unless clearly warranted.\n- Perceived odds (non-assured value only): hero + visible ladder (instant wins and/or weekly moments) usually outperforms single mega-prize.\n- Retailer ops: zero staff adjudication; ship pre-packed POS; centralise winner comms & fulfilment.\n- Explain-in-5s: staff should pitch in one breath; avoid multi-step or technical terms.\n- Compliance (AU default): RSA/ABAC lines for alcohol; age gate; no consumption cues.\n- Fulfilment: travel prizes need buffers/concierge; publish timelines in T&Cs.\n- KPIs: name ONE primary success metric; align mechanic and value to it.\nUse these guardrails to reduce hassle, improve perceived value/odds where relevant, and de-risk store ops. Prefer simple one-screen flows, central adjudication, and clear staff scripts.\n\nContextual flags:\n- Hassle flag: brief suggests receipt/proof handling. Keep it one-screen and simple; only require uploads if value clearly warrants and OCR is seamless.\n\nRuleFlex: KEEP\nApply guardrails strictly; prefer the simplest compliant path; no novelty for novelty‚Äôs sake.\n\nReminder: recommendations must land store-safe (zero staff burden), keep the hook premium and short.\n\nPRIOR FRAMING (authoritative; do not restate):\nWhere the Demand Is\n\nSpring in Australia is a time of renewal and fresh starts. Consumers are drawn to lighter, indulgent treats as the weather warms up. The frozen dessert market is expanding, with a projected growth rate of 5.4% from 2024 to 2034 (Source: globalinsightservices.com). This growth is driven by a desire for convenient yet premium dessert options. As grocery shopping trends shift towards convenience and indulgence, Wicked Sister is well-positioned to capture attention with its movie-themed promotion.\n\nWho It‚Äôs For & What Stops Them\n\nThe primary audience includes grocery buyers who enjoy treating their families to indulgent desserts. They plan movie nights and share their dessert finds on social media. However, cost-of-living pressures can limit their spending on premium items (Source: retail.org.au). Health-conscious consumers might also hesitate, balancing indulgence with health considerations. These buyers seek value and convenience, making instant win promotions appealing.\n\nCompetitor Map\n\nStreets and Sara Lee are key competitors in the frozen dessert category. Streets maintains a strong presence with classic offerings, while Sara Lee focuses on indulgent, ready-to-serve desserts. Rokeby Farms, with its high-protein products, appeals to health-conscious consumers, potentially diverting attention from more indulgent options (Source: rokebynutrition.com). Wicked Sister's unique movie tie-in and instant win mechanic differentiate it by offering an experiential reward.\n\nBrand Lens (truth, codes to lean/break)\n\nWicked Sister embodies everyday indulgence, aligning with family movie nights through its movie-themed promotions. The brand breaks away from complex entry mechanics and single mega-prizes, focusing instead on instant wins and family rewards. Wicked Sister‚Äôs playful and exciting tone of voice emphasizes the thrill of winning, while its distinctive assets include movie-themed packaging and indulgent dessert messaging.\n\nThe Idea As It Stands\n\nThe current promotion invites consumers to buy two packs of Wicked Sister products for a chance to instantly win a movie ticket. This mechanic encourages multi-pack purchases, driving sales and engagement ahead of the Wicked film release. The instant win format is straightforward, appealing to consumers seeking immediate gratification.\n\nProposition Candidates\n\n1. Indulge in a Wicked Treat\n2. Win Your Movie Night\n3. Instant Movie Magic\n\nHooks (2‚Äì6 words)\n\nWin a Movie Ticket Instantly  \nIndulge and Win  \nMovie Night Magic  \n\nWhat We‚Äôd Lean On\n\nThe instant win mechanic is the promotion's backbone, providing immediate excitement and gratification. The tie-in with the Wicked film adds a layer of thematic engagement, appealing to families planning movie nights. The broad distribution across major retailers like Coles and Woolworths ensures visibility and accessibility.\n\nHypotheses for Evaluation\n\n1. The instant win mechanic will drive higher purchase volume due to its immediate reward.\n2. The movie tie-in will enhance brand engagement, particularly among families planning movie nights.\n3. The promotion will increase brand visibility and shelf presence in major retailers.\n\nEntry/Redemption (from brief): Buy 2 qualifying products, upload receipt\n\nOFFER_IQ (authoritative): verdict=REVIEW; score=4.9; hard_flags=none.\nPRIOR OPINION (authoritative; integrate lightly if still relevant):\nThe spring movie launch for Wicked Sister offers a chance to disrupt the frozen dessert market with a magical twist. This moment aligns perfectly with the upcoming Wicked: For Good film, capturing both the enchantment of cinema and the indulgence of desserts. As the market is set to grow at a 7.77% CAGR, seizing this opportunity can establish Wicked Sister as a category leader (Source: imarcgroup.com). Today, the plan works because it taps into the shopper‚Äôs desire for immediate gratification and shared experiences. The instant win mechanic aligns with the brand‚Äôs playful tone, while the film tie-in adds a layer of thematic magic. Retailers like Coles and Woolworths are primed for promotions that increase basket size without burdening staff (Source: coles.com.au). The cultural timing, with the film‚Äôs release, ensures heightened consumer interest and engagement. To improve, convert single movie tickets to double passes. This change enhances perceived value and emotional engagement, capitalizing on the film‚Äôs shared magic theme. Implement a daily winner cadence to maintain excitement and urgency, using digital channels to announce winners. This approach respects operational constraints and maximizes consumer touchpoints. The Strategist‚Äôs insight shows that a shared reward aligns with the cultural moment, increasing the promotion‚Äôs appeal. Retailers will appreciate the streamlined operations. No additional staff lift is reqred, as the digital-first approach ensures seamless integration. The buy-two mechanic promises increased basket size, defending freezer space against competitors like Streets and Sara Lee. The plan fits within current operational realities, ensuring retailer buy-in and support. To tighten, focus solely on the double pass upgrade. This pragmatic tweak maintains breadth while doubling emotional engagement, without altering store operations. For a stretch, introduce a hero overlay with grand prizes like a lury cinema experience. Fund this from the existing prize budget, adding aspiration without compromising the broad appeal. This bolder move enhances the fame overlay, aligning with the Wicked IP. ‚ÄúWin a Double Pass Instantly‚Äù ‚ÄúPurchase two, upload receipt, and win instantly.‚Äù\nRESEARCH SNAPSHOT (reuse-only; do not fabricate):\n{\"prize_count_observed_total\":0,\"prize_count_common\":[],\"recommendedHeroCount\":3}\nRESEARCH INSIGHTS (cite verbatim when useful):\n- Brand truth: Wicked Sister is leveraging the excitement of the upcoming 'Wicked: For Good' film by launching a limited-edition dessert pot range, aiming to drive consumer engagement through a movie-themed promotion. (insidefmcg.com.au)\n- Brand truth: The brand's promotion offers an instant win mechanic, where purchasing two packs of Wicked Sister products gives consumers a chance to win movie tickets, effectively incentivizing multi-pack purchases. (wickedsisterwin.com.au)\n- Shopper tension: Consumers are increasingly seeking convenience and indulgence, yet face cost-of-living pressures that may limit discretionary spending on premium desserts. (retail.org.au)\n- Shopper tension: While Wicked Sister positions itself as an everyday indulgence, the need to balance health-conscious choices with indulgence may create tension for health-aware consumers. (wickedsister.com.au)\n- Retailer reality: Coles and Woolworths dominate the retail landscape, with exclusive promotions like the Wicked Sister x Wicked campaign running through Woolworths, highlighting the retailer's clout in driving brand visibility. (coles.com.au)\n- Retailer reality: Freezer congestion in major supermarkets can limit shelf space for new product launches, making strategic partnerships with retailers crucial for visibility. (woolworths.com.au)\n\nYou must return ONE JSON object ONLY. No preamble, no markdown, no commentary.\n\nContext:\n- Audience: Australian brand, shopper, and retail stakeholders.\n- Tone: direct, premium, no clich√©s (‚Äúfriction‚Äù, ‚Äúprize ladder‚Äù). Use plain words like ‚Äúhassle‚Äù, ‚Äúchances‚Äù, ‚Äúmix of winners‚Äù, ‚Äúon pack‚Äù, ‚Äúin-store‚Äù, ‚ÄúPOS‚Äù.\n- The composer will turn this JSON into flowing prose; keep fields tight and specific.\n\nRequired top-level fields (all optionality MUST be honoured, but include your best effort):\n{\n  \"stance\": string,                           // strategist stance e.g. \"BALANCED\" | \"BOLD\" | \"CAUTIOUS\"\n  \"brand_position\": string,                   // e.g. \"LEADER\" | \"FOLLOWER\" | \"DISRUPTOR\"\n  \"creative_hook_current\": string | null,     // current line on the work/brief\n  \"creative_hook_better\": string | null,      // your sharper, shorter premium line (2‚Äì6 words) or null\n  \"mechanic\": string | null,                  // one-liner, e.g. \"Buy, scan QR, auto-entry\"\n  \"retailers\": string[] | null,               // names where relevant (e.g. \"Coles\", \"BWS\")\n  \"prizes\": {                                 // how the win feels\n    \"hero\": string | null,                    // e.g. \"Trip for two to Tokyo\"\n    \"hero_count\": number | null,              // integer if known\n    \"hero_value_band\": string | null,         // e.g. \"$5k‚Äì$10k\"\n    \"runner_ups\": string[] | null             // titles or shorthand, can be []\n  },\n  \"friction\": string | null,                  // free text hints re: hassle (e.g. \"receipt upload\", \"one screen\")\n  \"retailer_ops\": {                           // how stores are affected\n    \"staff_explainable\": boolean | null,      // can staff explain it in ~5s?\n    \"stock_risk\": \"low\"|\"medium\"|\"high\"|\"unknown\" | null,\n    \"auditability\": \"low\"|\"medium\"|\"high\"|\"unknown\" | null,\n    \"central_adjudication\": boolean | null    // winners handled centrally (preferred)\n  },\n  \"what_worked\": string[],                    // short observations (1 line each)\n  \"what_didnt\": string[],                     // short observations (1 line each)\n  \"risks\": string[],                          // e.g. \"people drop at proof upload\"\n  \"fixes\": string[],                          // practical changes in plain words\n\n  // Narrative drivers for the composer (use tight, specific lines)\n  \"ferrier_bets\": string[],                   // behavioural bets (cut hassle, habit, social proof, etc.)\n  \"droga_bets\": string[],                     // fame bets (two-word line, talkability, distinctive assets)\n\n  // PromoTrack\n  \"promotrack_applied\": string[],             // play names actually leaned on (use canonical names if provided)\n  \"promotrack_rejected\": string[],            // plays considered then parked (with a 2‚Äì5 word reason appended, if useful)\n\n  // Judgement drives verdict tone in the composer\n  \"judgement\": {\n    \"verdict\": \"GO\" | \"GO_WITH_CONDITIONS\" | \"NO-GO\",\n    \"because\": string                        // one-breath reason, one sentence\n  },\n\n  // Optional rebuild spec. Keep lines short; composer will render.\n  \"rebuild_spec\": {\n    \"hook_line\": string | null,\n    \"hooks\": string[] | null,                 // alternates, short premium lines\n    \"entry_path\": string | null,              // plain, e.g. \"QR ‚Üí one quick mobile screen ‚Üí auto-entry\"\n    \"cadence\": string | null,                 // e.g. \"Weekly prize moments + final hero\"\n    \"ladder\": any | null,                     // ignore structure; composer will describe as ‚Äúmix of winners‚Äù\n    \"fulfilment\": string | null,              // how winners are handled; keep stores out\n    \"compliance_line\": string | null,         // RSA/ABAC or standard guardrails\n    \"staff_script\": string | null             // 5-second in-store script\n  },\n\n  // Optionally propose one or more bolder takes (rule-bending)\n  \"bold_variants\": [\n    {\n      \"name\": string | null,                  // e.g. \"Two-word fame line + instant-win wall\"\n      \"idea\": string | null,\n      \"hypothesis\": string | null,\n      \"risks\": string[] | null,\n      \"mitigations\": string[] | null,\n      \"measures\": string[] | null,            // how we‚Äôll judge it (metrics/observables)\n      \"exit\": string | null                   // when to pull the pin\n    }\n  ]\n}\n\n// Rules:\n- Keep strings concise. Prefer one sentence per item.\n- Stay Australian in wording. Avoid buzzwords where a plain phrase works.\n- If a field is unknown, set it to null or [] as appropriate.\n- Do not output headings, markdown, or commentary ‚Äî return JSON only.\n\n// Example (illustrative only):\n{\n  \"stance\": \"BALANCED\",\n  \"brand_position\": \"FOLLOWER\",\n  \"creative_hook_current\": \"Win the ultimate summer escape\",\n  \"creative_hook_better\": \"Own Your Summer\",\n  \"mechanic\": \"Buy any 2, scan the QR, auto-entry\",\n  \"retailers\": [\"Coles\", \"Woolworths\"],\n  \"prizes\": {\n    \"hero\": \"Beach house weekender\",\n    \"hero_count\": 3,\n    \"hero_value_band\": \"$5k‚Äì$10k\",\n    \"runner_ups\": [\"$100 gift cards\", \"Cooler bags\"]\n  },\n  \"friction\": \"Receipt upload mentioned; prefer one quick mobile screen\",\n  \"retailer_ops\": {\n    \"staff_explainable\": true,\n    \"stock_risk\": \"low\",\n    \"auditability\": \"high\",\n    \"central_adjudication\": true\n  },\n  \"what_worked\": [\"Seasonal timing is spot on\", \"Brand assets are recognisable on pack\"],\n  \"what_didnt\": [\"Line is long and functional\", \"Chances feel thin without more winners\"],\n  \"risks\": [\"People will bail at proof step\", \"Travel fulfilment can drag if unclear\"],\n  \"fixes\": [\"Lose proof upload\", \"Add instant wins and weekly draws\", \"Publish total number of winners\"],\n\n  \"ferrier_bets\": [\"Cut the hassle to one clear mobile action\", \"Show a weekly rhythm so there‚Äôs a reason to come back\"],\n  \"droga_bets\": [\"Two-word fame line on pack\", \"Make the moment worth filming\"],\n\n  \"promotrack_applied\": [\"Weekly micro-win cadence\", \"Central adjudication\", \"Pre-packed POS kits\"],\n  \"promotrack_rejected\": [\"Price-off lookalike ‚Äî wrong signal\", \"Receipt upload ‚Äî too much hassle\"],\n\n  \"judgement\": { \"verdict\": \"GO_WITH_CONDITIONS\", \"because\": \"Great seasonal frame; tighten the line and make entry fast, with more visible winners.\" },\n\n  \"rebuild_spec\": {\n    \"hook_line\": \"Own Your Summer\",\n    \"hooks\": [\"Own Your Summer\", \"Make Summer Yours\"],\n    \"entry_path\": \"QR ‚Üí one quick mobile screen ‚Üí auto-entry\",\n    \"cadence\": \"Weekly prize moments plus a final hero\",\n    \"ladder\": {},\n    \"fulfilment\": \"Winners contacted centrally; no store adjudication\",\n    \"compliance_line\": \"Standard trade promo; if alcohol present, age gate and no consumption cues\",\n    \"staff_script\": \"Scan the QR on the pack and you‚Äôre in ‚Äî takes 20 seconds.\"\n  },\n\n  \"bold_variants\": [\n    {\n      \"name\": \"Two-word fame line + instant-win wall\",\n      \"idea\": \"A physical POS wall where packs light up instant wins when scanned\",\n      \"hypothesis\": \"In-store theatre drives talkability and repeat\",\n      \"risks\": [\"Operational set-up\", \"POS maintenance\"],\n      \"mitigations\": [\"Pilot in top 20 stores\", \"Dedicated merch support\"],\n      \"measures\": [\"Scan rate per store\", \"Repeat scans per shopper\", \"Lift vs control banners\"],\n      \"exit\": \"If scan rate <50/day after week one, roll back to static POS\"\n    }\n  ]\n}\n\nAdditions:\n- hook_why_change: string (what exactly is wrong with the *current* hook).\n- symbolism: string[] (‚â§5) if a clear cultural/national bridge exists.\n- proposition_hint: string if a tight commercial line is clear.\n- trade_priority: \"HIGH\"|\"LOW\". If trade truly matters here, set \"trade_priority\":\"HIGH\" and return \"trade_table\" (‚â§6 rows) with:\n[{ \"barrier\": \"...\", \"incentive\": \"...\", \"how_to_run\": \"...\", \"guardrail\": \"...\"? }].\nIf trade is not material, set \"trade_priority\":\"LOW\" and omit \"trade_table\".\nRules:\n- Do NOT invent retailer names or numbers.\n- If a value is unknown, use null or [].\n- Tie WHY/FIX statements to this campaign‚Äôs facts wherever possible.\n- Do NOT recommend cashback unless it already appears in BRIEF.\n- Return ONLY a valid JSON object.",
          "opinion_prompt": "Campaign: Wicked Sister ‚Äî Spring Movie Launch (Client: Wicked Sister)\nMarket: AU | Category: Frozen Desserts | Mode: FORWARD\nAssuredMode: NON_ASSURED\nVerdict to uphold: NO-GO\nPrize mode: BREADTH/CADENCE (no hero).\nFacts:\nBrand: Wicked Sister | Client: Wicked Sister | Hook: Win a Movie Ticket Instantly | Mechanic: Buy 2 products, upload receipts and discover instantly if you‚Äôve scored a movie ticket. | Promotion: INSTANT_WIN | Retailers: Coles, Woolworths, ALDI, IGA, 7-Eleven | Calendar: Spring | IP tie-in (licensed): Wicked ‚Äî For Good ‚Äî type: FILM ‚Äî window: November 2025 | Orientation: LIVE | RuleFlex: KEEP | Mode: FORWARD (future/in-flight) | Breadth/cadence winners present: ~2010.\nGuidance: Entry friction already approved ‚Äî keep mechanics as briefed.\nGuidance: Hero overlay encouraged ‚Äî tie fame to Wicked IP.\nOperational guardrails: Store teams have zero capacity ‚Äî no staff-run announcements, kiosks, or manual verification. Prize pool is fixed at 2010 passes; if you explore double passes, make clear the winner count drops to ~1005 on the same spend. Keep cadence visible through consumer-facing messaging (pack, digital, social), not store labour. Never suggest staff-run amplification, kiosks, or in-store terminals ‚Äî execution must run on consumer comms and zero additional store labour.\nBriefed entry mechanic: Buy 2 qualifying products, upload receipt. Keep the plan anchored in this flow.\nResearch hints:\nBrand truth: Wicked Sister is leveraging the excitement of the upcoming 'Wicked: For Good' film by launching a limited-edition dessert pot range, aiming to drive consumer engagement through a movie-themed promotion. (insidefmcg.com.au) | Brand truth: The brand's promotion offers an instant win mechanic, where purchasing two packs of Wicked Sister products gives consumers a chance to win movie tickets, effectively incentivizing multi-pack purchases. (wickedsisterwin.com.au) | Shopper tension: Consumers are increasingly seeking convenience and indulgence, yet face cost-of-living pressures that may limit discretionary spending on premium desserts. (retail.org.au) | Shopper tension: While Wicked Sister positions itself as an everyday indulgence, the need to balance health-conscious choices with indulgence may create tension for health-aware consumers. (wickedsister.com.au) | Retailer reality: Coles and Woolworths dominate the retail landscape, with exclusive promotions like the Wicked Sister x Wicked campaign running through Woolworths, highlighting the retailer's clout in driving brand visibility. (coles.com.au) | Retailer reality: Freezer congestion in major supermarkets can limit shelf space for new product launches, making strategic partnerships with retailers crucial for visibility. (woolworths.com.au) Recommended hero-prize count: 3 (perceived odds; invest remainder into breadth/instants). Double-pass scenario would deliver ~1005 winners on the same 2010 tickets.\nFraming (authoritative; do not restate, use to inform tone):\nWhere the Demand Is\n\nSpring in Australia is a time of renewal and fresh starts. Consumers are drawn to lighter, indulgent treats as the weather warms up. The frozen dessert market is expanding, with a projected growth rate of 5.4% from 2024 to 2034 (Source: globalinsightservices.com). This growth is driven by a desire for convenient yet premium dessert options. As grocery shopping trends shift towards convenience and indulgence, Wicked Sister is well-positioned to capture attention with its movie-themed promotion.\n\nWho It‚Äôs For & What Stops Them\n\nThe primary audience includes grocery buyers who enjoy treating their families to indulgent desserts. They plan movie nights and share their dessert finds on social media. However, cost-of-living pressures can limit their spending on premium items (Source: retail.org.au). Health-conscious consumers might also hesitate, balancing indulgence with health considerations. These buyers seek value and convenience, making instant win promotions appealing.\n\nCompetitor Map\n\nStreets and Sara Lee are key competitors in the frozen dessert category. Streets maintains a strong presence with classic offerings, while Sara Lee focuses on indulgent, ready-to-serve desserts. Rokeby Farms, with its high-protein products, appeals to health-conscious consumers, potentially diverting attention from more indulgent options (Source: rokebynutrition.com). Wicked Sister's unique movie tie-in and instant win mechanic differentiate it by offering an experiential reward.\n\nBrand Lens (truth, codes to lean/break)\n\nWicked Sister embodies everyday indulgence, aligning with family movie nights through its movie-themed promotions. The brand breaks away from complex entry mechanics and single mega-prizes, focusing instead on instant wins and family rewards. Wicked Sister‚Äôs playful and exciting tone of voice emphasizes the thrill of winning, while its distinctive assets include movie-themed packaging and indulgent dessert messaging.\n\nThe Idea As It Stands\n\nThe current promotion invites consumers to buy two packs of Wicked Sister products for a chance to instantly win a movie ticket. This mechanic encourages multi-pack purchases, driving sales and engagement ahead of the Wicked film release. The instant win format is straightforward, appealing to consumers seeking immediate gratification.\n\nProposition Candidates\n\n1. Indulge in a Wicked Treat\n2. Win Your Movie Night\n3. Instant Movie Magic\n\nHooks (2‚Äì6 words)\n\nWin a Movie Ticket Instantly  \nIndulge and Win  \nMovie Night Magic  \n\nWhat We‚Äôd Lean On\n\nThe instant win mechanic is the promotion's backbone, providing immediate excitement and gratification. The tie-in with the Wicked film adds a layer of thematic engagement, appealing to families planning movie nights. The broad distribution across major retailers like Coles and Woolworths ensures visibility and accessibility.\n\nHypotheses for Evaluation\n\n1. The instant win mechanic will drive higher purchase volume due to its immediate reward.\n2. The movie tie-in will enhance brand engagement, particularly among families planning movie nights.\n3. The promotion will increase brand visibility and shelf presence in major retailers.\n\nEntry/Redemption (from brief): Buy 2 qualifying products, upload receipt\n\nOFFER_IQ (authoritative): verdict=REVIEW; score=4.9; hard_flags=none.\nEvaluator JSON (authoritative fields; use to reason, not to quote):\n{\"hookLine\":\"Double the Movie Magic\",\"mechLine\":\"Buy 2 products, upload receipt, win instantly\",\"symbolism\":[\"Family movie nights\",\"Spring renewal\",\"Cinema magic\"],\"proposition_hint\":\"Enhance shared experiences with double passes.\",\"trade_priority\":\"HIGH\",\"trade_table\":[],\"when_reflective\":false,\"run_again_moves\":[],\"majorPrizeOverlay\":null,\"cashbackHeadline\":null,\"cashbackBanded\":false,\"prizePresence\":\"BREADTH_ONLY\"}\nHook candidates (draw from these; keep any ‚Äúdouble pass‚Äù promise intact):\n- double the movie magic\n- movie night for two ‚Äî 1,000 double passes.\n- two desserts. two seats. every hour.\n- dessert doubles your tickets.\n- upload & share the cinema night.\nWrite a concise evaluation using this exact template. Keep each section to two sentences or fewer unless noted.\nVerdict ‚Äî one sentence that names the judgement and the cultural/commercial why.\nWhy it works ‚Äî max two sentences tying brand truth, shopper tension, and timing.\nWhere it breaks ‚Äî max two sentences naming the hardest flaws.\nFix it ‚Äî max two sentences with the concrete plan to repair those flaws.\nRetailer reality ‚Äî max two sentences showing the buyer why this earns easy range with zero staff lift.\nIf you recommend turning single tickets into double passes, state plainly that the winner count halves while perceived value doubles; never imply winner count stays flat.\nTighten ‚Äî one sentence: the pragmatic tweak we ship now.\nStretch ‚Äî one sentence: the bolder, still store-safe move.\nHook upgrade ‚Äî one sentence that states why the current hook (‚ÄúDouble the Movie Magic‚Äù) fails and what the stronger angle is.\nHook shortlist ‚Äî list exactly five lines starting with \"- \" that evolve the candidates above. Each hook must reinforce the shared double-pass promise or instant win clarity; avoid inventing unrelated slogans.\nMeasurement ‚Äî one sentence naming the single metric watched first.\nPack line ‚Äî provide a 2‚Äì6 word line in quotes.\nStaff line ‚Äî provide a ‚â§5 second staff script in quotes.\nRules: no other headings, no extra bullets, no filler. Cite sources inline (‚ÄúSource: ‚Ä¶‚Äù) whenever you quote data.",
          "diag_raw": "{\n  \"stance\": \"BOLD\",\n  \"brand_position\": \"DISRUPTOR\",\n  \"creative_hook_current\": \"Win a Movie Ticket Instantly\",\n  \"creative_hook_better\": \"Double the Movie Magic\",\n  \"mechanic\": \"Buy 2 products, upload receipt, win instantly\",\n  \"retailers\": [\"Coles\", \"Woolworths\", \"ALDI\", \"IGA\", \"7-Eleven\"],\n  \"prizes\": {\n    \"hero\": null,\n    \"hero_count\": null,\n    \"hero_value_band\": null,\n    \"runner_ups\": [\"Movie tickets\", \"Double passes\"]\n  },\n  \"friction\": \"Receipt upload required; streamline with one-screen entry\",\n  \"retailer_ops\": {\n    \"staff_explainable\": true,\n    \"stock_risk\": \"low\",\n    \"auditability\": \"high\",\n    \"central_adjudication\": true\n  },\n  \"what_worked\": [\"Instant win mechanic for immediate engagement\", \"Wicked film tie-in aligns with brand\"],\n  \"what_didnt\": [\"Single ticket feels low value\", \"Receipt upload adds unnecessary hassle\"],\n  \"risks\": [\"Drop-off at receipt upload step\"],\n  \"fixes\": [\"Switch to double passes for better perceived value\", \"Simplify to one-screen entry without upload\"],\n  \"ferrier_bets\": [\"Cut hassle with one-step mobile entry\", \"Increase perceived value with double passes\"],\n  \"droga_bets\": [\"Two-word fame line\", \"Align with Wicked film's magic\"],\n  \"promotrack_applied\": [\"Central adjudication\", \"Pre-packed POS kits\"],\n  \"promotrack_rejected\": [\"Receipt upload ‚Äî too much hassle\"],\n  \"judgement\": {\n    \"verdict\": \"GO_WITH_CONDITIONS\",\n    \"because\": \"Simplifying entry and increasing prize value will enhance appeal and engagement.\"\n  },\n  \"rebuild_spec\": {\n    \"hook_line\": \"Double the Movie Magic\",\n    \"hooks\": [\"Double the Movie Magic\", \"Instant Double Delight\"],\n    \"entry_path\": \"One quick mobile screen ‚Üí auto-entry\",\n    \"cadence\": \"Daily instant wins\",\n    \"ladder\": {},\n    \"fulfilment\": \"Winners contacted centrally; no store adjudication\",\n    \"compliance_line\": \"Standard trade promo; no consumption cues\",\n    \"staff_script\": \"Buy two, scan, and win a double pass instantly.\"\n  },\n  \"bold_variants\": [\n    {\n      \"name\": \"Instant-win wall\",\n      \"idea\": \"Physical POS wall where packs light up instant wins when scanned\",\n      \"hypothesis\": \"In-store theatre drives talkability and repeat\",\n      \"risks\": [\"Operational set-up\", \"POS maintenance\"],\n      \"mitigations\": [\"Pilot in top 20 stores\", \"Dedicated merch support\"],\n      \"measures\": [\"Scan rate per store\", \"Repeat scans per shopper\"],\n      \"exit\": \"If scan rate <50/day after week one, roll back to static POS\"\n    }\n  ],\n  \"hook_why_change\": \"Single ticket lacks emotional pull; double passes enhance shared experience.\",\n  \"symbolism\": [\"Family movie nights\", \"Spring renewal\", \"Cinema magic\"],\n  \"proposition_hint\": \"Enhance shared experiences with double passes.\",\n  \"trade_priority\": \"LOW\"\n}",
          "guards": {
            "forbidHeroPrize": false,
            "breadthOnly": true,
            "breadthCount": 2010,
            "reusedResearch": true
          }
        },
        "kind": "eval-prose-au",
        "codeVersion": "v4-eval-prose-au-locked",
        "symbolism": [
          "Family movie nights",
          "Spring renewal",
          "Cinema magic"
        ],
        "proposition_hint": "Enhance shared experiences with double passes.",
        "hook_why_change": "Single ticket lacks emotional pull; double passes enhance shared experience.",
        "when_reflective": false,
        "run_again_moves": [],
        "hooksRecommended": [
          "double the movie magic",
          "movie night for two ‚Äî 1,000 double passes.",
          "two desserts. two seats. every hour.",
          "dessert doubles your tickets.",
          "upload & share the cinema night."
        ],
        "ideationHarness": null
      },
      "ui": {
        "hook": "Double the Movie Magic",
        "hookOptions": [
          "double the movie magic",
          "movie night for two ‚Äî 1,000 double passes.",
          "two desserts. two seats. every hour.",
          "dessert doubles your tickets.",
          "upload & share the cinema night."
        ],
        "mechanic": "Buy 2 products, upload receipt, win instantly",
        "verdict": "NO-GO",
        "atAGlance": [
          {
            "key": "objectiveFit",
            "label": "Objective fit",
            "status": "AMBER",
            "why": "Objective not crisply named or spread across too many aims.",
            "fix": "Change-from: diffuse aims. ‚Üí Change-to: one KPI (e.g., +8‚Äì12% ROS) and shape comms/value to it."
          },
          {
            "key": "hookStrength",
            "label": "Hook strength",
            "status": "AMBER",
            "why": "Hook exists (‚ÄúWin a Movie Ticket Instantly‚Äù) but needs tightening and brand-locking; a sharper variant is proposed (‚ÄúDouble the Movie Magic‚Äù).",
            "fix": "Change-from: long/soft hook (‚ÄúWin a Movie Ticket Instantly‚Äù). ‚Üí Change-to: 2‚Äì6 words, brand-locked, used on pack and the first screen."
          },
          {
            "key": "mechanicFit",
            "label": "Entry mechanic",
            "status": "GREEN",
            "why": "Mechanic defined: Buy 2 products, upload receipt, win instantly."
          },
          {
            "key": "frequencyPotential",
            "label": "Repeat potential",
            "status": "AMBER",
            "why": "Repeat rhythm not explicit for this format.",
            "fix": "Change-from: one-off entry. ‚Üí Change-to: light weekly moment + bonus entries at 2 and 4 units."
          },
          {
            "key": "friction",
            "label": "Hassle to enter",
            "status": "RED",
            "why": "Entry is genuinely onerous (mail-in or multi-proof at first step). This will suppress trial.",
            "fix": "Remove mail-in / first-step proof / multi-upload. Make first touch minimal; shift verification post-entry."
          },
          {
            "key": "rewardShape",
            "label": "How the value feels",
            "status": "AMBER",
            "why": "Expected buyers/entries not provided; adequacy judged via cadence and visibility. Requires: Provide expected buyers/entries (range).",
            "fix": "Publish ‚ÄúTotal winners‚Äù, clarify cadence, and provide expected buyers/entries for a firmer read."
          },
          {
            "key": "retailerReadiness",
            "label": "Retailer readiness",
            "status": "AMBER",
            "why": "Retailers named (Coles, Woolworths, ALDI, IGA, 7-Eleven). Keep staff workload near zero.",
            "fix": "Change-from: loose POS (Coles, Woolworths, ALDI, IGA, 7-Eleven). ‚Üí Change-to: pre-packed POS kits; no staff adjudication; central processing."
          },
          {
            "key": "complianceRisk",
            "label": "Compliance risk",
            "status": "GREEN",
            "why": "Standard trade promo guardrails."
          },
          {
            "key": "fulfilment",
            "label": "Fulfilment",
            "status": "GREEN",
            "why": "Central fulfilment looks straightforward."
          },
          {
            "key": "kpiRealism",
            "label": "KPI realism",
            "status": "AMBER",
            "why": "Entry band not named; prize/media not back-solved to that range.",
            "fix": "Change-from: no entry band. ‚Üí Change-to: set range, back-solve media and ops to it."
          }
        ],
        "trade": {
          "priority": "LOW",
          "table": []
        },
        "reflective": false,
        "hideScoreboard": true,
        "assuredValue": false,
        "offerIQ": {
          "score": 4.8,
          "verdict": "REVIEW",
          "confidence": 0.5,
          "lenses": {
            "adequacy": {
              "score": 4.5,
              "why": "Expected buyers/entries not provided; adequacy judged via cadence and visibility.",
              "fix": "Add: expected buyers/entries and total winners, or show ‚ÄúTotal winners‚Äù and cadence in communications."
            },
            "simplicity": {
              "score": 6.5,
              "why": "Some admin implied (fields/proof or wait time).",
              "fix": "Keep claim one-screen; limit fields; good OCR; publish timelines."
            },
            "certainty": {
              "score": 3.7,
              "why": "Perceived odds unclear; cadence thin.",
              "fix": "Show cadence and ‚ÄúTotal winners‚Äù; avoid fine print that hides odds."
            },
            "salience": {
              "score": 4,
              "why": "Needs a visible moment or total-winners headline.",
              "fix": "Publish ‚ÄúTotal winners‚Äù and name the cadence; add a bold moment line."
            },
            "talkability": {
              "score": 5,
              "why": "Seasonal hook helps.",
              "fix": "Add a brand-right experiential or symbolic angle."
            },
            "retailerFit": {
              "score": 6,
              "why": "Ensure any adjudication is central; ship pre-packed POS.",
              "fix": "Keep staff script ‚â§5s; no in-store adjudication."
            },
            "brandFit": {
              "score": 5,
              "why": "Feels generic; weak brand lock.",
              "fix": "Lock line and visuals to distinctive assets and the brand‚Äôs functional truth."
            }
          },
          "hardFlags": [],
          "recommendations": [
            "Add: expected buyers/entries and total winners, or show ‚ÄúTotal winners‚Äù and cadence in communications.",
            "Keep claim one-screen; limit fields; good OCR; publish timelines.",
            "Publish ‚ÄúTotal winners‚Äù and name the cadence; add a bold moment line.",
            "Publish ‚ÄúTotal winners‚Äù and show cadence prominently.",
            "Add visible cadence (instant or weekly) to match in-market fairness signals."
          ],
          "asks": [
            "Provide expected buyers/entries (range)."
          ],
          "mode": "PRIZE",
          "diagnostics": {
            "valueAmount": 0,
            "aspAnchor": 100,
            "expectedBuyers": null,
            "totalWinners": 2010,
            "coverageRate": null,
            "cadenceSignals": false,
            "symbolicSignals": false,
            "headlineMax": 0,
            "banded": false,
            "overlay": false,
            "overlayExperiential": false,
            "overlayLabel": "",
            "researchBenchmarks": {
              "heroPrize": {
                "median": 35.5,
                "mode": 1
              },
              "cadenceShare": {
                "instant": 0.3529411764705883,
                "weekly": 0.2352941176470588,
                "daily": 0.4117647058823529
              },
              "manyWinnersShare": 0,
              "prizeCountsObserved": {
                "total": 10,
                "common": [
                  {
                    "count": 1,
                    "share": 0.2
                  },
                  {
                    "count": 150,
                    "share": 0.2
                  },
                  {
                    "count": 3,
                    "share": 0.1
                  }
                ]
              },
              "recommendedHeroCount": 3,
              "positionVsMarket": "UNKNOWN"
            },
            "cashbackVsMarket": "UNKNOWN",
            "heroVsMarket": "UNKNOWN"
          }
        },
        "research": {
          "brand": {
            "query": "The Wicked Sisters",
            "summary": "The Wicked Sisters is a Russian fairy tale collected by Alexander Afanasyev in Narodnye russkie skazki.",
            "facts": [
              {
                "claim": "Wicked Sister x Wicked ‚Äî Purchase any two packs of Wicked Sister Products for your chance to instantly win a movie ticket!",
                "source": "Source: wickedsisterwin.com.au (https://wickedsisterwin.com.au/)"
              },
              {
                "claim": "FAQs - Wicked Sister x Wicked ‚Äî Buy any 2 packs of Wicked Sister products in one transaction from a Woolworths store during the Woolworths Exclusive promotion period. Then go ...",
                "source": "Source: wickedsisterwin.com.au (https://wickedsisterwin.com.au/faq)"
              },
              {
                "claim": "Wicked Sister: Home Page ‚Äî Enjoy wickedly delicious desserts designed for everyday indulgence by Wicked Sister. Explore our wicked range, try recipes and find stockists here.",
                "source": "Source: wickedsister.com.au (https://www.wickedsister.com.au/)"
              }
            ]
          },
          "audience": {
            "notes": "Primary grocery buyers ‚Ä¢ They reward the family with purposeful treats that feel magical but still practical. ‚Ä¢ Plans movie nights, shares dessert finds on social, responds to retailer app notifications.",
            "facts": [
              {
                "claim": "Wicked Sister goes 'For Good' with new Wicked-inspired ... ‚Äî Chilled dessert brand Wicked Sister has launched limited-edition dessert pots inspired by Wicked: For Good film set to premiere next month.",
                "source": "Source: insidefmcg.com.au (https://insidefmcg.com.au/2025/10/13/wicked-sister-goes-for-good-with-new-wicked-inspired-desserts/)"
              },
              {
                "claim": "Paul Polly from Wicked Sister | Determined to succeed ‚Äî This is the story of Paul Polly and Wicked Sister desserts. Learn how he went from one pot to a $12 million factory.",
                "source": "Source: nab.com.au (https://www.nab.com.au/business/small-business/moments/business-progress/wickedsister)"
              },
              {
                "claim": "Wicked Sister bulks up protein pudding pack size ‚Äî With 15 grams of protein per serving and available in chocolate, strawberry, banana, along with a new vanilla flavour, these join the wider 170 ...",
                "source": "Source: foodanddrinkbusiness.com.au (https://www.foodanddrinkbusiness.com.au/new-in-store/wicked-sister-bulks-up-protein-pudding-pack-size)"
              }
            ]
          },
          "category": {
            "query": "Frozen dessert",
            "summary": "Frozen dessert is a dessert made by freezing liquids, semi-solids, and sometimes solids. They may be based on flavored water, on fruit pur√©es, on milk and cream, on custard, on mousse (semifreddo), and others. It is sometimes sold as ice-cream in South Asia and other countries.",
            "facts": [
              {
                "claim": "Frozen dessert is a dessert made by freezing liquids, semi-solids, and sometimes solids. They may be based on flavored water, on fruit pur√©es, on milk and cream, on custard, on mousse (semifreddo), and others. It is sometimes sold as ice-cream in South Asia and other countries.",
                "source": "Source: Wikipedia ‚Äî Frozen dessert (https://en.wikipedia.org/wiki/Frozen%20dessert)"
              },
              {
                "claim": "Australia Ice Cream Market Share, Growth & Forecast 2030 ‚Äî The Australia Ice Cream Market is projected to witness a CAGR of 2.95% for the forecast period between 2023 and 2030.",
                "source": "Source: marketsandata.com (https://www.marketsandata.com/industry-reports/australia-ice-cream-market)"
              },
              {
                "claim": "Australia Ice Cream Market Share, Size, Growth Report ‚Äî The Australia ice cream market, valued at AUD 1407.35 million in 2024, is projected to grow at 1.51% CAGR, reaching AUD 1634.90 million by 2034.",
                "source": "Source: expertmarketresearch.com.au (https://www.expertmarketresearch.com.au/reports/australia-ice-cream-market)"
              },
              {
                "claim": "Frozen Desserts Market Size, Growth, Trends and Forecast ‚Äî Frozen Desserts Market is anticipated to expand from $112.9 billion in 2024 to $191.5 billion by 2034, growing at a CAGR of approximately 5.4%.",
                "source": "Source: globalinsightservices.com (https://www.globalinsightservices.com/reports/frozen-desserts-market/)"
              },
              {
                "claim": "Frozen Desserts ‚Äî Frozen Desserts ; $9.00. $2.40 / 100G. Sara Lee Chocolate Swirl Bavarian 375g. Promoted ; $7.20. $9.00 $2.00 / 100G. Sara Lee French Cream Cheesecake 360g. 4.5 / ...Read more",
                "source": "Source: woolworths.com.au (https://www.woolworths.com.au/shop/browse/freezer/frozen-desserts?srsltid=AfmBOor978BnhC9QQ7V61ixEDkNXooZBKeO_izpimvDYa_XMaM_pK2PV)"
              },
              {
                "claim": "Ice Cream Specials & Offers ‚Äî SAVE $1.90. $7.60. $9.50 $0.76 / 100ML. Sanitarium So Good Vanilla Bliss Frozen Dessert 1L. Add to cart. Save to list. 20% Off. SAVE $3.00. $12.00. $15.00 $2.53 ...Read more",
                "source": "Source: woolworths.com.au (https://www.woolworths.com.au/shop/browse/freezer/ice-cream/ice-cream-specials?srsltid=AfmBOopklJhi7Q-ODSy445CW1x4bWiwbCJfR-Bf19Nz6h5iPuw5p1RoP)"
              }
            ]
          },
          "competitors": {
            "names": [
              "Rokeby Farms",
              "Priestley‚Äôs Gourmet Delights",
              "Jillian's Cakery",
              "Belle Fleur",
              "Beak & Johnston",
              "Carman's",
              "Pauls PLUS+",
              "Chobani",
              "Sara Lee",
              "Streets",
              "Ferrero Australia",
              "Gelatissimo"
            ],
            "facts": [
              {
                "claim": "Brief competitor: Streets",
                "source": "Source: brief"
              },
              {
                "claim": "Rokeby Farms Chocolate Protein Smoothie 6 x 425ml ‚Äî Rokeby Farms Chocolate Protein Smoothie 6 x 425ml is a protein drink providing all 9 essential amino acids while providing sustained energy and fullness.",
                "source": "Source: costco.com.au (https://www.costco.com.au/Business-Delivery/Beverages/Other-Drinks/Rokeby-Farms-Chocolate-Protein-Smoothie-6-x-425ml/p/163543_BD)"
              },
              {
                "claim": "Rokeby Farms ‚Äî All Rokeby Farms products are now available with Subscribe & Save ¬∑ Enjoy 5% off on every recurring order!",
                "source": "Source: bulkeatswarehouse.com.au (https://bulkeatswarehouse.com.au/collections/rokeby-farms?srsltid=AfmBOor6oarDx_IPDf159c9EL9eQwXX8n14gx1vpjMrGlr10qZ4zQgwm)"
              },
              {
                "claim": "Rokeby Nutrition ‚Äî Rokeby is a nutrition food company based in Melbourne. We make a range of award-winning dairy products to enjoy as part of a healthy lifestyle.",
                "source": "Source: rokebynutrition.com (https://rokebynutrition.com/)"
              },
              {
                "claim": "ROKEBY FARM Archives ‚Äî ROKEBY FARM offers Bold Brew drinks in flavors like Double Shot, Iced Mocha, and Iced Latte, and Protein Smoothies in flavors like Banana Honey & Cinnamon, ...",
                "source": "Source: coast2coastdistributors.com.au (https://coast2coastdistributors.com.au/product-category/alternate-flavoured-milks/rokeby-farm-alternate-flavoured-milks/)"
              },
              {
                "claim": "Shop Rokeby Products Online ‚Äî Shop your way at Coles. Our range of Rokeby products at everyday low prices you know and trust. Shop online and get home delivery or ...",
                "source": "Source: coles.com.au (https://www.coles.com.au/brands/rokeby-811816065?srsltid=AfmBOop9dnVgblMzb0AKajWg_OilDB9BIOzgQmQXynZr2Vt3zHlm3A-e)"
              },
              {
                "claim": "Rokeby Farms Protein Smoothie - Dutch Chocolate ‚Äî $4.95. Rokeby Farms Whole Protein Smoothie! Loaded with real cocoa for natural chocolate goodness. Ingredients: Filtered low fat milk, cane sugar, cream, dutch ...",
                "source": "Source: athletesnutrition.com.au (https://athletesnutrition.com.au/products/copy-of-rokeby-farms-protein-smoothie-banana-honey-cinnamon?srsltid=AfmBOopwuArEAMTQsdUswAhgf4qe8xQLZ0MEHrJwVeh5quVK1ZxLYReF)"
              },
              {
                "claim": "üéâüéâ COMPETITION: To share some smoothie love we are ... ‚Äî COMPETITION: To share some smoothie love we are giving away one lucky Rokeby Farms fan a year's supply of our smoothies! To enter: 1. Like ...",
                "source": "Source: instagram.com (https://www.instagram.com/p/CTTJ7b1PNIQ/)"
              },
              {
                "claim": "Competition/Antitrust & Consumer ‚Äî acquisition of a 45% interest in the Made Group (owners of the Cocobella, Rokeby Farms, Impressed Juice and Nutrient Water brands), together with its bottler, ...",
                "source": "Source: addisons.com (https://addisons.com/capabilities/competition-consumer-antitrust/)"
              },
              {
                "claim": "Our brands ‚Äî Rokeby is a functional dairy brand offering a range of high quality products that deliver natural straight-up nutrition to smartly power active people through ...",
                "source": "Source: madegroup.com (https://www.madegroup.com/our-brands)"
              },
              {
                "claim": "About Rokeby ‚Äî Rokeby products are naturally high in protein, made from fresh locally sourced milk and trusted quality ingredients, to help you smartly power through your day.",
                "source": "Source: rokebynutrition.com (https://rokebynutrition.com/pages/about-rokeby)"
              },
              {
                "claim": "Rokeby Farms: Premium protein driving significant growth ‚Äî Rokeby Farms innovative Whole Protein Breakfast Smoothies are made with fresh, cold-filtered milk that contains twice the protein of regular milk and no added ...",
                "source": "Source: c-store.com.au (https://www.c-store.com.au/rokeby-farms-premium-protein-driving-significant-growth/)"
              }
            ],
            "promos": [
              {
                "brand": "ROKEBYNUTRITION",
                "url": "https://rokebynutrition.com/",
                "source": "Source: rokebynutrition.com (https://rokebynutrition.com/)",
                "title": "Rokeby Nutrition",
                "headline": "Rokeby is a nutrition food company based in Melbourne. We make a range of award-winning dairy products to enjoy as part of a healthy lifestyle.",
                "type": "PRIZE",
                "heroCount": null,
                "totalWinners": null,
                "cadence": null,
                "prizeItems": [
                  "car",
                  "data",
                  "tv"
                ],
                "prizeValueHint": null,
                "confidence": 0.6,
                "viaRedemption": false,
                "giftCard": null
              },
              {
                "brand": "RMHHOMELOTTERY",
                "url": "https://www.rmhhomelottery.com.au/pdfs/rmh-mel-2025-2-winners-FA.pdf",
                "source": "Source: rmhhomelottery.com.au (https://www.rmhhomelottery.com.au/pdfs/rmh-mel-2025-2-winners-FA.pdf)",
                "title": "Congratulations",
                "headline": "Congratulations to our. $5.3M Grand Prize winner! Rowena of Swifts Creek (#10134243) has won this fully furnished home in Camberwell. Win big ...",
                "type": "PRIZE",
                "heroCount": null,
                "totalWinners": null,
                "cadence": null,
                "prizeItems": [
                  "data",
                  "tv",
                  "car",
                  "cash",
                  "holiday"
                ],
                "prizeValueHint": "$39",
                "confidence": 0.6,
                "viaRedemption": false,
                "giftCard": null
              },
              {
                "brand": "ADDISONS",
                "url": "https://addisons.com/capabilities/competition-consumer-antitrust/",
                "source": "Source: addisons.com (https://addisons.com/capabilities/competition-consumer-antitrust/)",
                "title": "Competition/Antitrust &amp; Consumer | Addisons | Sydney Law Firm",
                "headline": "Competition/Antitrust &#038; Consumer",
                "type": "PRIZE",
                "heroCount": null,
                "totalWinners": null,
                "cadence": null,
                "prizeItems": [
                  "car",
                  "data",
                  "plan"
                ],
                "prizeValueHint": "$534",
                "confidence": 0.6,
                "viaRedemption": false,
                "giftCard": null
              },
              {
                "brand": "DIAA",
                "url": "https://diaa.asn.au/wp-content/uploads/2019_DIAA_Vic_Results.pdf",
                "source": "Source: diaa.asn.au (https://diaa.asn.au/wp-content/uploads/2019_DIAA_Vic_Results.pdf)",
                "title": "DIAA Victorian Dairy Product Competition",
                "headline": "Rokeby Farms Whole Protein Smoothie. Chocolate. 17.00. Bulla Dairy Foods. Bulla ... Victorian Dairy Product Competitions visit: www.diaa.asn.au. Dairy Industry.",
                "type": "PRIZE",
                "heroCount": null,
                "totalWinners": null,
                "cadence": null,
                "prizeItems": [
                  "data",
                  "tv",
                  "car"
                ],
                "prizeValueHint": "$06",
                "confidence": 0.6,
                "viaRedemption": false,
                "giftCard": null
              },
              {
                "brand": "FOODANDDRINKBUSINESS",
                "url": "https://www.foodanddrinkbusiness.com.au/news/rethinking-the-white-drink",
                "source": "Source: foodanddrinkbusiness.com.au (https://www.foodanddrinkbusiness.com.au/news/rethinking-the-white-drink)",
                "title": "Rethinking the white drink - Food &amp; Drink Business",
                "headline": "Rethinking the white drink",
                "type": "PRIZE",
                "heroCount": null,
                "totalWinners": null,
                "cadence": null,
                "prizeItems": [
                  "data",
                  "car",
                  "plan",
                  "tv"
                ],
                "prizeValueHint": null,
                "confidence": 0.6,
                "viaRedemption": false,
                "giftCard": null
              },
              {
                "brand": "Rokeby Farms",
                "url": "https://www.retailbiz.com.au/offline-retailing/rokeby-farms-premium-protein-driving-significant-growth/",
                "source": "Source: retailbiz.com.au (https://www.retailbiz.com.au/offline-retailing/rokeby-farms-premium-protein-driving-significant-growth/)",
                "title": "Rokeby Farms: Premium protein driving significant growth - retailbiz",
                "headline": "Rokeby Farms sources fresh milk from a selection of farms located in Victoria, which is then delivered to its new manufacturing facility located ...",
                "type": "PRIZE",
                "heroCount": null,
                "totalWinners": null,
                "cadence": null,
                "prizeItems": [
                  "car",
                  "data",
                  "plan",
                  "plans",
                  "tv"
                ],
                "prizeValueHint": "$10",
                "confidence": 0.6,
                "viaRedemption": false,
                "giftCard": null
              },
              {
                "brand": "WHATSINSEASON",
                "url": "https://www.whatsinseason.com.au/blog/turn-fries-into-cash-win-200k/",
                "source": "Source: whatsinseason.com.au (https://www.whatsinseason.com.au/blog/turn-fries-into-cash-win-200k/)",
                "title": "Turn Fries into Cash - Win $200K - Welcome - InSeason",
                "headline": "Turn Fries into Cash &#8211; Win $200K",
                "type": "PRIZE",
                "heroCount": null,
                "totalWinners": null,
                "cadence": "weekly",
                "prizeItems": [
                  "data",
                  "cash",
                  "car",
                  "tv"
                ],
                "prizeValueHint": "$200",
                "confidence": 0.6,
                "viaRedemption": false,
                "giftCard": null
              },
              {
                "brand": "PRIESTLEYS-GOURMET",
                "url": "https://www.priestleys-gourmet.com.au/",
                "source": "Source: priestleys-gourmet.com.au (https://www.priestleys-gourmet.com.au/)",
                "title": "Wholesale Cakes, Desserts &amp; Baked Goods for Cafes &amp; Businesses | Priestley&#039;s Gourmet Delights",
                "headline": "Homepage #New",
                "type": "PRIZE",
                "heroCount": null,
                "totalWinners": null,
                "cadence": null,
                "prizeItems": [
                  "data",
                  "car",
                  "tv",
                  "trip"
                ],
                "prizeValueHint": null,
                "confidence": 0.6,
                "viaRedemption": false,
                "giftCard": null
              },
              {
                "brand": "GOURMET-DELIGHTS",
                "url": "https://gourmet-delights.com.au/",
                "source": "Source: gourmet-delights.com.au (https://gourmet-delights.com.au/)",
                "title": "Gourmet Delights &#8211; A Little Bite of Heaven.",
                "headline": "Your perfect partner for me time moments.",
                "type": "PRIZE",
                "heroCount": null,
                "totalWinners": null,
                "cadence": null,
                "prizeItems": [
                  "data",
                  "car"
                ],
                "prizeValueHint": null,
                "confidence": 0.6,
                "viaRedemption": false,
                "giftCard": null
              },
              {
                "brand": "PRIESTLEYS-GOURMET",
                "url": "https://www.priestleys-gourmet.com.au/blog",
                "source": "Source: priestleys-gourmet.com.au (https://www.priestleys-gourmet.com.au/blog)",
                "title": "Priestley&#039;s Blog | Priestley&#039;s Gourmet Delights",
                "headline": "Priestley&#8217;s Blog",
                "type": "PRIZE",
                "heroCount": null,
                "totalWinners": null,
                "cadence": null,
                "prizeItems": [
                  "data",
                  "car",
                  "tv",
                  "holiday",
                  "trip"
                ],
                "prizeValueHint": null,
                "confidence": 0.6,
                "viaRedemption": false,
                "giftCard": null
              },
              {
                "brand": "PRIESTLEYS-GOURMET",
                "url": "https://www.priestleys-gourmet.com.au/insight/podcasts",
                "source": "Source: priestleys-gourmet.com.au (https://www.priestleys-gourmet.com.au/insight/podcasts)",
                "title": "Podcasts | Priestley&#039;s Gourmet Delights",
                "headline": "Podcasts",
                "type": "PRIZE",
                "heroCount": null,
                "totalWinners": null,
                "cadence": null,
                "prizeItems": [
                  "data",
                  "car",
                  "tv",
                  "trip"
                ],
                "prizeValueHint": null,
                "confidence": 0.6,
                "viaRedemption": false,
                "giftCard": null
              },
              {
                "brand": "COURIERMAIL",
                "url": "https://www.couriermail.com.au/news/national/back-australia/how-priestleys-gourmet-delights-thrives-with-automation-while-supporting-more-australian-jobs/news-story/9b8e562ce4d2b5c64e80fb04cd3c62b2",
                "source": "Source: couriermail.com.au (https://www.couriermail.com.au/news/national/back-australia/how-priestleys-gourmet-delights-thrives-with-automation-while-supporting-more-australian-jobs/news-story/9b8e562ce4d2b5c64e80fb04cd3c62b2)",
                "title": "No Cookies | The Courier Mail",
                "headline": "No Cookies",
                "type": "PRIZE",
                "heroCount": null,
                "totalWinners": null,
                "cadence": null,
                "prizeItems": [
                  "car",
                  "data",
                  "plan",
                  "tv"
                ],
                "prizeValueHint": null,
                "confidence": 0.6,
                "viaRedemption": false,
                "giftCard": null
              },
              {
                "brand": "Jillian's Cakery",
                "url": "https://www.easyweddings.com.au/WeddingCakes/Sydney/JilliansCakery/",
                "source": "Source: easyweddings.com.au (https://www.easyweddings.com.au/WeddingCakes/Sydney/JilliansCakery/)",
                "title": "Jillian&#39;s Cakery - Wedding Cakes Surry Hills | Easy Weddings",
                "headline": "Jillian&#39;s Cakery",
                "type": "PRIZE",
                "heroCount": null,
                "totalWinners": null,
                "cadence": null,
                "prizeItems": [
                  "data",
                  "tv",
                  "car",
                  "plan",
                  "cash"
                ],
                "prizeValueHint": null,
                "confidence": 0.6,
                "viaRedemption": false,
                "giftCard": null
              },
              {
                "brand": "Jillian's Cakery",
                "url": "https://www.sydneycakery.com.au/product/jillians-cakery-online-gift-card-redeemable-online-only/",
                "source": "Source: sydneycakery.com.au (https://www.sydneycakery.com.au/product/jillians-cakery-online-gift-card-redeemable-online-only/)",
                "title": "Jillian&#039;s Cakery Online Gift Card (redeemable online only) &#183; Sydney Cakery",
                "headline": "Jillian&#8217;s Cakery Online Gift Card (redeemable online only)",
                "type": "PRIZE",
                "heroCount": null,
                "totalWinners": null,
                "cadence": null,
                "prizeItems": [
                  "gift card",
                  "car",
                  "data",
                  "tv",
                  "trip",
                  "plan",
                  "cash",
                  "giftcard"
                ],
                "prizeValueHint": "$10",
                "confidence": 0.6,
                "viaRedemption": false,
                "giftCard": null
              },
              {
                "brand": "THATGIRLFROMSYDNEY",
                "url": "https://thatgirlfromsydney.com/2020/02/27/who-is-jillian-and-what-does-she-do/",
                "source": "Source: thatgirlfromsydney.com (https://thatgirlfromsydney.com/2020/02/27/who-is-jillian-and-what-does-she-do/)",
                "title": "Who Is Jillian And What Does She Do? &#8211; That Girl from Sydney",
                "headline": "Who Is Jillian And What Does She&nbsp;Do?",
                "type": "PRIZE",
                "heroCount": null,
                "totalWinners": null,
                "cadence": null,
                "prizeItems": [
                  "car",
                  "data",
                  "plan",
                  "tv"
                ],
                "prizeValueHint": null,
                "confidence": 0.6,
                "viaRedemption": false,
                "giftCard": null
              },
              {
                "brand": "Jillian's Cakery",
                "url": "https://www.theurbanlist.com/sydney/directory/jillian-s-cakery",
                "source": "Source: theurbanlist.com (https://www.theurbanlist.com/sydney/directory/jillian-s-cakery)",
                "title": "Jillian's Cakery | URBAN LIST SYDNEY",
                "headline": "Jillian‚Äôs Cakery",
                "type": "PRIZE",
                "heroCount": null,
                "totalWinners": null,
                "cadence": null,
                "prizeItems": [
                  "tv",
                  "data",
                  "car"
                ],
                "prizeValueHint": null,
                "confidence": 0.6,
                "viaRedemption": false,
                "giftCard": null
              },
              {
                "brand": "YOUTUBE",
                "url": "https://www.youtube.com/c/jillianbutler",
                "source": "Source: youtube.com (https://www.youtube.com/c/jillianbutler)",
                "title": "Jillian Butler - YouTube",
                "headline": "I started a successful cake shop in Sydney called Jillian's Cakery that I ran for 7 years and there were lots of lessons that I learned along the way. Now ...",
                "type": "PRIZE",
                "heroCount": null,
                "totalWinners": null,
                "cadence": null,
                "prizeItems": [
                  "data",
                  "tv",
                  "car"
                ],
                "prizeValueHint": null,
                "confidence": 0.6,
                "viaRedemption": false,
                "giftCard": null
              },
              {
                "brand": "Belle Fleur",
                "url": "https://bellefleur.com.au/",
                "source": "Source: bellefleur.com.au (https://bellefleur.com.au/)",
                "title": "Homepage | Belle Fleur Fine Chocolates | Chocolate Sydney",
                "headline": "Handmade chocolates that taste sensational. Choose from over 45 traditional and contemporary flavours in-store.Jump to",
                "type": "PRIZE",
                "heroCount": null,
                "totalWinners": null,
                "cadence": null,
                "prizeItems": [
                  "car",
                  "data",
                  "tv",
                  "trip",
                  "gift card"
                ],
                "prizeValueHint": null,
                "confidence": 0.6,
                "viaRedemption": false,
                "giftCard": null
              },
              {
                "brand": "ADAIRS",
                "url": "https://www.adairs.com.au/terms-conditions/competitions/?srsltid=AfmBOoqdmhyAkjp-0mo6YgOOktDktJHmHAKnYF3zeB9uw5Neg7BZ2F6C",
                "source": "Source: adairs.com.au (https://www.adairs.com.au/terms-conditions/competitions/?srsltid=AfmBOoqdmhyAkjp-0mo6YgOOktDktJHmHAKnYF3zeB9uw5Neg7BZ2F6C)",
                "title": "Past Competitions | Adairs",
                "headline": "The 'Draw 3' winner is Edith Pullen. The 'Draw 4' winner is Vibeke Foss. The 'Adairs Kids Fur Cushions & Throw Competition' commenced at 12:00am AEST on the 14 ...Jump to",
                "type": "PRIZE",
                "heroCount": 3,
                "totalWinners": null,
                "cadence": null,
                "prizeItems": [
                  "data",
                  "car",
                  "trip",
                  "plan",
                  "washer",
                  "gift card",
                  "tv",
                  "voucher",
                  "cash"
                ],
                "prizeValueHint": "$30",
                "confidence": 0.6,
                "viaRedemption": false,
                "giftCard": null
              },
              {
                "brand": "RMHHOMELOTTERY",
                "url": "https://www.rmhhomelottery.com.au/on/demandware.static/Sites-RML_MEL-Site/Sites-RML_MEL-Library/-/pdfs/rmh-mel-2025-1-winners-FA-2.pdf",
                "source": "Source: rmhhomelottery.com.au (https://www.rmhhomelottery.com.au/on/demandware.static/Sites-RML_MEL-Site/Sites-RML_MEL-Library/-/pdfs/rmh-mel-2025-1-winners-FA-2.pdf)",
                "title": "Congratulations",
                "headline": "Congratulations to our Early Bird winner! Jeffrey from Bulleen (#008153) has won the half a million Early Bird Prize! EARLY BIRD PRIZE.Jump to",
                "type": "PRIZE",
                "heroCount": null,
                "totalWinners": null,
                "cadence": null,
                "prizeItems": [
                  "data",
                  "tv",
                  "cash",
                  "holiday",
                  "car",
                  "plan"
                ],
                "prizeValueHint": "$39",
                "confidence": 0.6,
                "viaRedemption": false,
                "giftCard": null
              },
              {
                "brand": "ROCKYSHOW",
                "url": "https://www.rockyshow.com.au/Competitions/Animals-Competitions/Horse-Competition-Program",
                "source": "Source: rockyshow.com.au (https://www.rockyshow.com.au/Competitions/Animals-Competitions/Horse-Competition-Program)",
                "title": "Horse Competition Program Rockhampton Show",
                "headline": "Horse Competition Program",
                "type": "PRIZE",
                "heroCount": null,
                "totalWinners": null,
                "cadence": null,
                "prizeItems": [
                  "car",
                  "tv",
                  "data",
                  "plan"
                ],
                "prizeValueHint": null,
                "confidence": 0.6,
                "viaRedemption": false,
                "giftCard": null
              },
              {
                "brand": "BELLEFLEUR",
                "url": "https://bellefleur.com.au/occasions/",
                "source": "Source: bellefleur.com.au (https://bellefleur.com.au/occasions/)",
                "title": "Special Occasions &amp; Events | Belle Fleur Fine Chocolates",
                "headline": "Occasions",
                "type": "PRIZE",
                "heroCount": null,
                "totalWinners": null,
                "cadence": null,
                "prizeItems": [
                  "car",
                  "data",
                  "tv",
                  "trip",
                  "gift card"
                ],
                "prizeValueHint": null,
                "confidence": 0.6,
                "viaRedemption": false,
                "giftCard": null
              },
              {
                "brand": "MARKETINGBEE",
                "url": "https://marketingbee.com.au/sharon-latour-returns-as-a-judge-for-the-2025-australian-web-awards/",
                "source": "Source: marketingbee.com.au (https://marketingbee.com.au/sharon-latour-returns-as-a-judge-for-the-2025-australian-web-awards/)",
                "title": "Sharon Latour Returns as a Judge for the 2025 Australian Web Awards - Marketing Bee",
                "headline": "Sharon Latour Returns as a Judge for the 2025 Australian Web Awards",
                "type": "PRIZE",
                "heroCount": null,
                "totalWinners": null,
                "cadence": null,
                "prizeItems": [
                  "car",
                  "data",
                  "tv"
                ],
                "prizeValueHint": null,
                "confidence": 0.6,
                "viaRedemption": false,
                "giftCard": null
              },
              {
                "brand": "Beak & Johnston",
                "url": "https://www.beakandjohnston.com.au/",
                "source": "Source: beakandjohnston.com.au (https://www.beakandjohnston.com.au/)",
                "title": "Home - Quality Food Manufacturer | Beak &amp; Johnston",
                "headline": "Beak & Johnston is a proudly Australian, privately owned fresh food business with over 39 years of experience delivering innovative, value-added meal solutions.",
                "type": "PRIZE",
                "heroCount": null,
                "totalWinners": null,
                "cadence": null,
                "prizeItems": [
                  "car",
                  "data",
                  "plan"
                ],
                "prizeValueHint": null,
                "confidence": 0.6,
                "viaRedemption": false,
                "giftCard": null
              },
              {
                "brand": "BEAKANDJOHNSTON",
                "url": "https://www.beakandjohnston.com.au/about-us/",
                "source": "Source: beakandjohnston.com.au (https://www.beakandjohnston.com.au/about-us/)",
                "title": "About Us - Quality Food Manufacturer | Beak &amp; Johnston",
                "headline": "Beak & Johnston was founded in 1986 by David Beak, bringing together four generations of global meat industry knowledge.",
                "type": "PRIZE",
                "heroCount": null,
                "totalWinners": null,
                "cadence": null,
                "prizeItems": [
                  "car",
                  "data",
                  "plan"
                ],
                "prizeValueHint": "$15",
                "confidence": 0.6,
                "viaRedemption": false,
                "giftCard": null
              },
              {
                "brand": "BAKINGBUSINESS",
                "url": "https://bakingbusiness.com.au/wp-content/uploads/2019/10/2019-fine-food-catalogue-web.pdf",
                "source": "Source: bakingbusiness.com.au (https://bakingbusiness.com.au/wp-content/uploads/2019/10/2019-fine-food-catalogue-web.pdf)",
                "title": "Sydney Royal Fine Food Show - Baking Business",
                "headline": "It draws from Sydney Royal Champions throughout the year, examines, and celebrates truly inspirational, innovative agricultural food and beverage achievers.",
                "type": "PRIZE",
                "heroCount": null,
                "totalWinners": null,
                "cadence": null,
                "prizeItems": [
                  "data",
                  "tv",
                  "car"
                ],
                "prizeValueHint": "$224",
                "confidence": 0.6,
                "viaRedemption": false,
                "giftCard": null
              },
              {
                "brand": "ISSUU",
                "url": "https://issuu.com/theintermediagroup/docs/c_i_retailing_magazine_august-september_2025",
                "source": "Source: issuu.com (https://issuu.com/theintermediagroup/docs/c_i_retailing_magazine_august-september_2025)",
                "title": "C&amp;amp;I Retailing Magazine August-September 2025 by The Intermedia Group - Issuu",
                "headline": "C&amp;I Retailing Magazine August-September 2025",
                "type": "PRIZE",
                "heroCount": null,
                "totalWinners": null,
                "cadence": null,
                "prizeItems": [
                  "car",
                  "data",
                  "tv",
                  "plans",
                  "plan"
                ],
                "prizeValueHint": "$29",
                "confidence": 0.6,
                "viaRedemption": false,
                "giftCard": null
              },
              {
                "brand": "Beak & Johnston",
                "url": "https://www.accc.gov.au/media-release/woolworths%E2%80%99-proposed-acquisition-of-beak-johnston-not-opposed",
                "source": "Source: accc.gov.au (https://www.accc.gov.au/media-release/woolworths%E2%80%99-proposed-acquisition-of-beak-johnston-not-opposed)",
                "title": "Woolworths‚Äô proposed acquisition of Beak &amp; Johnston not opposed | ACCC",
                "headline": "The ACCC will not oppose Woolworths Group Limited's (ASX:WOW) proposed acquisition of Beak & Johnston Holdings Pty Ltd (B&J).",
                "type": "PRIZE",
                "heroCount": null,
                "totalWinners": null,
                "cadence": null,
                "prizeItems": [
                  "data",
                  "car"
                ],
                "prizeValueHint": null,
                "confidence": 0.6,
                "viaRedemption": false,
                "giftCard": null
              },
              {
                "brand": "Beak & Johnston",
                "url": "https://www.just-food.com/news/woolworths-beak-johnston-deal-approved/",
                "source": "Source: just-food.com (https://www.just-food.com/news/woolworths-beak-johnston-deal-approved/)",
                "title": "ACCC waves through Woolworths‚Äô Beak &amp; Johnston deal",
                "headline": "Australia regulator waves through Woolworths‚Äô Beak &#038; Johnston deal",
                "type": "PRIZE",
                "heroCount": null,
                "totalWinners": null,
                "cadence": null,
                "prizeItems": [
                  "data",
                  "car",
                  "plan",
                  "tv"
                ],
                "prizeValueHint": null,
                "confidence": 0.6,
                "viaRedemption": false,
                "giftCard": null
              },
              {
                "brand": "Beak & Johnston",
                "url": "https://morganenglishlawyers.com.au/morgan-english-advises-beak-johnston-group-on-strategic-sale-to-woolworths/",
                "source": "Source: morganenglishlawyers.com.au (https://morganenglishlawyers.com.au/morgan-english-advises-beak-johnston-group-on-strategic-sale-to-woolworths/)",
                "title": "Morgan + English Advises Beak &amp; Johnston Group on Strategic Sale to Woolworths | Morgan English Lawyers",
                "headline": "Morgan + English Advises Beak &#038; Johnston Group on Strategic Sale to Woolworths",
                "type": "PRIZE",
                "heroCount": null,
                "totalWinners": null,
                "cadence": null,
                "prizeItems": [
                  "data",
                  "car",
                  "cash",
                  "trip",
                  "plan",
                  "tv"
                ],
                "prizeValueHint": null,
                "confidence": 0.6,
                "viaRedemption": false,
                "giftCard": null
              },
              {
                "brand": "Beak & Johnston",
                "url": "https://www.comcom.govt.nz/news-and-media/news-and-events/2025/woolworths-seeks-clearance-to-acquire-beak-and-johnston/",
                "source": "Source: comcom.govt.nz (https://www.comcom.govt.nz/news-and-media/news-and-events/2025/woolworths-seeks-clearance-to-acquire-beak-and-johnston/)",
                "title": "Woolworths seeks clearance to acquire Beak &amp; Johnston | Commerce Commission",
                "headline": "We will give clearance to a proposed merger if we are satisfied that the merger is unlikely to have the effect of substantially lessening ...",
                "type": "PRIZE",
                "heroCount": null,
                "totalWinners": null,
                "cadence": null,
                "prizeItems": [
                  "trip",
                  "car",
                  "data",
                  "plan"
                ],
                "prizeValueHint": null,
                "confidence": 0.6,
                "viaRedemption": false,
                "giftCard": null
              },
              {
                "brand": "Beak & Johnston",
                "url": "https://insideretail.com.au/news/woolworths-seeks-clearance-to-buy-beak-johnston-202501",
                "source": "Source: insideretail.com.au (https://insideretail.com.au/news/woolworths-seeks-clearance-to-buy-beak-johnston-202501)",
                "title": "Woolworths seeks clearance to buy Beak &amp; Johnston - Inside Retail Australia",
                "headline": "Woolworths seeks clearance to buy Beak &amp; Johnston",
                "type": "PRIZE",
                "heroCount": null,
                "totalWinners": null,
                "cadence": null,
                "prizeItems": [
                  "data",
                  "car",
                  "trip"
                ],
                "prizeValueHint": "$110",
                "confidence": 0.6,
                "viaRedemption": false,
                "giftCard": null
              },
              {
                "brand": "Carman's",
                "url": "https://carmanskitchen.com.au/carmans-quarterly-care-package-giveaway-2025/",
                "source": "Source: carmanskitchen.com.au (https://carmanskitchen.com.au/carmans-quarterly-care-package-giveaway-2025/)",
                "title": "Carman‚Äôs Quarterly Care Package Giveaway Terms &amp; Conditions 2025 | Carman's Kitchen",
                "headline": "Carman‚Äôs Quarterly Care Package Giveaway Terms &#038; Conditions 2025",
                "type": "PRIZE",
                "heroCount": null,
                "totalWinners": null,
                "cadence": null,
                "prizeItems": [
                  "data",
                  "car",
                  "plan",
                  "cash",
                  "tv"
                ],
                "prizeValueHint": "$100",
                "confidence": 0.6,
                "viaRedemption": false,
                "giftCard": null
              },
              {
                "brand": "Carman's",
                "url": "https://carmanskitchen.com.au/fun-run-giveaway-terms-conditions/",
                "source": "Source: carmanskitchen.com.au (https://carmanskitchen.com.au/fun-run-giveaway-terms-conditions/)",
                "title": "Carman‚Äôs Fun Run Giveaway Terms &amp; Conditions | Carman's Kitchen",
                "headline": "Carman&#8217;s Fun Run Giveaway Terms &#038; Conditions",
                "type": "PRIZE",
                "heroCount": 1,
                "totalWinners": null,
                "cadence": "instant",
                "prizeItems": [
                  "data",
                  "car",
                  "plan",
                  "voucher",
                  "cash",
                  "tv"
                ],
                "prizeValueHint": "$200",
                "confidence": 0.6,
                "viaRedemption": false,
                "giftCard": null
              },
              {
                "brand": "CARMANSKITCHEN",
                "url": "https://carmanskitchen.com.au/porridge-competition-terms-conditions/",
                "source": "Source: carmanskitchen.com.au (https://carmanskitchen.com.au/porridge-competition-terms-conditions/)",
                "title": "Porridge Competition Terms &amp; Conditions | Carman's Kitchen",
                "headline": "Porridge Competition Terms &#038; Conditions",
                "type": "PRIZE",
                "heroCount": null,
                "totalWinners": null,
                "cadence": null,
                "prizeItems": [
                  "data",
                  "car",
                  "plan",
                  "cash",
                  "tv"
                ],
                "prizeValueHint": "$250",
                "confidence": 0.6,
                "viaRedemption": false,
                "giftCard": null
              },
              {
                "brand": "CARMANSKITCHEN",
                "url": "https://carmanskitchen.com.au/win-a-trip-to-byron-terms-and-conditions/",
                "source": "Source: carmanskitchen.com.au (https://carmanskitchen.com.au/win-a-trip-to-byron-terms-and-conditions/)",
                "title": "Win a Trip to Byron Terms and Conditions | Carman's Kitchen",
                "headline": "Win a Trip to Byron Terms and Conditions",
                "type": "PRIZE",
                "heroCount": null,
                "totalWinners": null,
                "cadence": "instant",
                "prizeItems": [
                  "data",
                  "car",
                  "trip",
                  "plan",
                  "holiday",
                  "voucher",
                  "cash",
                  "tv"
                ],
                "prizeValueHint": "$11,805",
                "confidence": 0.6,
                "viaRedemption": false,
                "giftCard": null
              },
              {
                "brand": "Carman's",
                "url": "https://solemotive.com/pages/carmans-fun-run-syd-10k?srsltid=AfmBOooHB3xkXtaoGZ9mG-_L0--9mW5jbbRWm1pnggI7e99sIs6BVcnZ",
                "source": "Source: solemotive.com (https://solemotive.com/pages/carmans-fun-run-syd-10k?srsltid=AfmBOooHB3xkXtaoGZ9mG-_L0--9mW5jbbRWm1pnggI7e99sIs6BVcnZ)",
                "title": "Carman&#39;s Fun Run Sydney 2025 - 10K | Sole Motive",
                "headline": "The Carman's Fun Run Sydney 2025 is on 21 September at Metcalfe Park, Pyrmont, with a 9:00am start. The course is a flat 2 lap with Sydney views.",
                "type": "PRIZE",
                "heroCount": null,
                "totalWinners": null,
                "cadence": null,
                "prizeItems": [
                  "data",
                  "car",
                  "trip",
                  "tv",
                  "cash"
                ],
                "prizeValueHint": "$80",
                "confidence": 0.6,
                "viaRedemption": false,
                "giftCard": null
              },
              {
                "brand": "Carman's",
                "url": "https://solemotive.com/pages/carmans-fun-run-syd-home?srsltid=AfmBOorQvL6V5sSGXodJyYnpq2M5S1edAD0ntuyCApEKW69H8iURTuCJ",
                "source": "Source: solemotive.com (https://solemotive.com/pages/carmans-fun-run-syd-home?srsltid=AfmBOorQvL6V5sSGXodJyYnpq2M5S1edAD0ntuyCApEKW69H8iURTuCJ)",
                "title": "Carman&#39;s Fun Run Sydney 2025 | Sole Motive",
                "headline": "BCNA MERCHANDISE STAND &amp; MINI-FIELD OF WOMEN",
                "type": "PRIZE",
                "heroCount": null,
                "totalWinners": null,
                "cadence": null,
                "prizeItems": [
                  "data",
                  "car",
                  "trip",
                  "tv",
                  "cash",
                  "plan"
                ],
                "prizeValueHint": "$60",
                "confidence": 0.6,
                "viaRedemption": false,
                "giftCard": null
              },
              {
                "brand": "Carman's",
                "url": "https://solemotive.com/pages/carmans-fun-run-mel-home?srsltid=AfmBOorSgV-UdaNVOUP8CKAqEEIrYHFLflLVAtbLwxYAcUtICnE2zL_9",
                "source": "Source: solemotive.com (https://solemotive.com/pages/carmans-fun-run-mel-home?srsltid=AfmBOorSgV-UdaNVOUP8CKAqEEIrYHFLflLVAtbLwxYAcUtICnE2zL_9)",
                "title": "Carman&#39;s Fun Run Melbourne 2026 | Sole Motive",
                "headline": "BCNA MERCHANDISE STAND",
                "type": "PRIZE",
                "heroCount": null,
                "totalWinners": null,
                "cadence": null,
                "prizeItems": [
                  "data",
                  "car",
                  "trip",
                  "tv",
                  "cash",
                  "plan"
                ],
                "prizeValueHint": "$60",
                "confidence": 0.6,
                "viaRedemption": false,
                "giftCard": null
              },
              {
                "brand": "Carman's",
                "url": "https://www.bcna.org.au/event-directory/major-events/carman-s-fun-run-2025-sydney/",
                "source": "Source: bcna.org.au (https://www.bcna.org.au/event-directory/major-events/carman-s-fun-run-2025-sydney/)",
                "title": "Carman&#x2019;s Fun Run 2025 - Sydney",
                "headline": "Run, jog or walk 21.1K, 10K, or 5K and make your run count by raising funds to help Australians affected by breast cancer. Secure your spot now and help us turn ...",
                "type": "PRIZE",
                "heroCount": null,
                "totalWinners": null,
                "cadence": null,
                "prizeItems": [
                  "data",
                  "car",
                  "tv"
                ],
                "prizeValueHint": "$30",
                "confidence": 0.6,
                "viaRedemption": false,
                "giftCard": null
              },
              {
                "brand": "Carman's",
                "url": "https://www.bcna.org.au/event-directory/major-events/carman-s-fun-run-2025-melbourne/",
                "source": "Source: bcna.org.au (https://www.bcna.org.au/event-directory/major-events/carman-s-fun-run-2025-melbourne/)",
                "title": "Carman&#x2019;s Fun Run 2025 - Melbourne",
                "headline": "Carman's Fun Run 2025 is on Feb 16 at Elsternwick Park, Brighton, with half-marathon, 10km, 5km run and 5km walk options. It starts at 5:45 am and ends at 1:00 ...",
                "type": "PRIZE",
                "heroCount": null,
                "totalWinners": null,
                "cadence": null,
                "prizeItems": [
                  "data",
                  "car",
                  "tv"
                ],
                "prizeValueHint": "$30",
                "confidence": 0.6,
                "viaRedemption": false,
                "giftCard": null
              },
              {
                "brand": "PAULSPROMO",
                "url": "https://www.paulspromo.com.au/",
                "source": "Source: paulspromo.com.au (https://www.paulspromo.com.au/)",
                "title": "Paul&#039;s Kids Yoghurt Minions Promotion",
                "headline": "Open to AU res 18+. Starts: 17/3/25:12AM AEDT. Ends: 30/5/25:11.59PM AEST. Max 1 entry per transaction. Retain receipts. Draw: 51A/23 Norton St, Leichhardt, NSW ...",
                "type": "PRIZE",
                "heroCount": null,
                "totalWinners": null,
                "cadence": null,
                "prizeItems": [
                  "data",
                  "tv",
                  "trip"
                ],
                "prizeValueHint": "$17,225",
                "confidence": 0.6,
                "viaRedemption": false,
                "giftCard": null
              },
              {
                "brand": "REDDYEXPRESS",
                "url": "https://www.reddyexpress.com.au/terms-and-conditions/peel-N-win",
                "source": "Source: reddyexpress.com.au (https://www.reddyexpress.com.au/terms-and-conditions/peel-N-win)",
                "title": "Reddy, Set, Peel &amp; Win - T&amp;Cs | Reddy Express",
                "headline": "All prize claims and entries into the unclaimed prize draw must be made by Entrants by no later than 11.59pm (Sydney time) on 30 September 2025. 5.",
                "type": "PRIZE",
                "heroCount": null,
                "totalWinners": null,
                "cadence": "instant",
                "prizeItems": [
                  "data",
                  "car",
                  "gift card",
                  "plans",
                  "holiday",
                  "voucher",
                  "cash",
                  "trip",
                  "giftcard",
                  "plan"
                ],
                "prizeValueHint": "$10",
                "confidence": 0.6,
                "viaRedemption": false,
                "giftCard": null
              },
              {
                "brand": "PAULS",
                "url": "https://www.pauls.com.au/",
                "source": "Source: pauls.com.au (https://www.pauls.com.au/)",
                "title": "Pauls Dairy",
                "headline": "We're pretty passionate about making great tasting products packed with real dairy goodness. We put that devotion into every Pauls milk, cream, custard, yoghurt ...",
                "type": "PRIZE",
                "heroCount": null,
                "totalWinners": null,
                "cadence": null,
                "prizeItems": [
                  "data",
                  "car",
                  "tv"
                ],
                "prizeValueHint": null,
                "confidence": 0.6,
                "viaRedemption": false,
                "giftCard": null
              },
              {
                "brand": "SCHOOLFUNDRAISING",
                "url": "https://www.schoolfundraising.com.au/",
                "source": "Source: schoolfundraising.com.au (https://www.schoolfundraising.com.au/)",
                "title": "School Fundraising | Empowering Schools Through Colour Runs",
                "headline": "We're Australia's ultimate school fundraising partner ... When parents use it to create a profile, they go into the draw to win a $500 prize credit.",
                "type": "PRIZE",
                "heroCount": 500,
                "totalWinners": null,
                "cadence": null,
                "prizeItems": [
                  "car",
                  "data",
                  "tv",
                  "trip",
                  "plan",
                  "cash"
                ],
                "prizeValueHint": "$500",
                "confidence": 0.6,
                "viaRedemption": false,
                "giftCard": null
              },
              {
                "brand": "Chobani",
                "url": "https://www.chobani.com.au/chobani-fit-competition-terms-and-conditions/",
                "source": "Source: chobani.com.au (https://www.chobani.com.au/chobani-fit-competition-terms-and-conditions/)",
                "title": "Chobani Fit Competition - Terms and Conditions - Chobani Australia",
                "headline": "Chobani Fit Competition &#8211; Terms and Conditions",
                "type": "PRIZE",
                "heroCount": null,
                "totalWinners": null,
                "cadence": null,
                "prizeItems": [
                  "car",
                  "data",
                  "cash"
                ],
                "prizeValueHint": "$399",
                "confidence": 0.6,
                "viaRedemption": false,
                "giftCard": null
              },
              {
                "brand": "Chobani",
                "url": "https://www.ozbargain.com.au/node/926882",
                "source": "Source: ozbargain.com.au (https://www.ozbargain.com.au/node/926882)",
                "title": "Win a KitchenAid Pure Power Blender + Chobani No Sugar Added Prize Pack from KitchenAid - OzBargain Competitions",
                "headline": "Win a KitchenAid Pure Power Blender + Chobani No Sugar Added Prize Pack from KitchenAid",
                "type": "PRIZE",
                "heroCount": null,
                "totalWinners": null,
                "cadence": null,
                "prizeItems": [
                  "car",
                  "tv",
                  "data",
                  "voucher",
                  "gift card",
                  "cash"
                ],
                "prizeValueHint": "$274",
                "confidence": 0.6,
                "viaRedemption": false,
                "giftCard": null
              },
              {
                "brand": "Chobani",
                "url": "https://www.ozbargain.com.au/competition/chobani.com.au",
                "source": "Source: ozbargain.com.au (https://www.ozbargain.com.au/competition/chobani.com.au)",
                "title": "Chobani: Competitions - OzBargain Competitions",
                "headline": "Chobani &raquo; Competitions",
                "type": "PRIZE",
                "heroCount": null,
                "totalWinners": null,
                "cadence": null,
                "prizeItems": [
                  "car",
                  "data",
                  "voucher",
                  "gift card",
                  "cash"
                ],
                "prizeValueHint": "$100",
                "confidence": 0.6,
                "viaRedemption": false,
                "giftCard": null
              },
              {
                "brand": "CHOBANI",
                "url": "https://www.chobani.com.au/competition-tscs/",
                "source": "Source: chobani.com.au (https://www.chobani.com.au/competition-tscs/)",
                "title": "Competition - Terms and Conditions 2024 - Chobani Australia",
                "headline": "Chobani Australia Terms and Conditions. View Chobani x Remedy Terms and Conditions ¬∑ View Chobani x Ninja Kitchen Terms and Conditions ...",
                "type": "PRIZE",
                "heroCount": null,
                "totalWinners": null,
                "cadence": null,
                "prizeItems": [
                  "car",
                  "data"
                ],
                "prizeValueHint": null,
                "confidence": 0.6,
                "viaRedemption": false,
                "giftCard": null
              },
              {
                "brand": "Chobani",
                "url": "https://www.chobani.com.au/",
                "source": "Source: chobani.com.au (https://www.chobani.com.au/)",
                "title": "Chobani Australia",
                "headline": "Real yogurt. Real simple.",
                "type": "PRIZE",
                "heroCount": null,
                "totalWinners": null,
                "cadence": null,
                "prizeItems": [
                  "car",
                  "data",
                  "plan"
                ],
                "prizeValueHint": null,
                "confidence": 0.6,
                "viaRedemption": false,
                "giftCard": null
              },
              {
                "brand": "Sara Lee",
                "url": "https://winwithsaralee.com.au/conditions.html",
                "source": "Source: winwithsaralee.com.au (https://winwithsaralee.com.au/conditions.html)",
                "title": "Sara Lee Waffles 30k Giveaway Instant Win Promotion",
                "headline": "There are 150 prizes to be given away in this Promotion: 12 x AUD$1,000.00 Cash Prize, 13 x AUD$500.00 Mastercard eVouchers and 15 x AUD$250.00 Mastercard ...",
                "type": "PRIZE",
                "heroCount": 150,
                "totalWinners": null,
                "cadence": "instant",
                "prizeItems": [
                  "data",
                  "cash",
                  "car",
                  "voucher"
                ],
                "prizeValueHint": "$500",
                "confidence": 0.6,
                "viaRedemption": false,
                "giftCard": null
              },
              {
                "brand": "Sara Lee",
                "url": "https://saralee.com.au/enter-for-your-chance-to-win-our-grocery-giveaway/",
                "source": "Source: saralee.com.au (https://saralee.com.au/enter-for-your-chance-to-win-our-grocery-giveaway/)",
                "title": "Enter for your chance to WIN our Grocery Giveaway! &#8211; Sara Lee",
                "headline": "Enter for your chance to WIN our Grocery Giveaway!",
                "type": "PRIZE",
                "heroCount": null,
                "totalWinners": null,
                "cadence": null,
                "prizeItems": [
                  "voucher",
                  "data",
                  "car",
                  "tv"
                ],
                "prizeValueHint": "$200",
                "confidence": 0.6,
                "viaRedemption": false,
                "giftCard": null
              },
              {
                "brand": "Sara Lee",
                "url": "https://saraleefoodservice.com.au/news-promotions/",
                "source": "Source: saraleefoodservice.com.au (https://saraleefoodservice.com.au/news-promotions/)",
                "title": "News &amp; Promotions | Sara Lee Foodservice Australia",
                "headline": "News &#038; Promotions",
                "type": "PRIZE",
                "heroCount": null,
                "totalWinners": null,
                "cadence": null,
                "prizeItems": [
                  "data",
                  "car",
                  "tv"
                ],
                "prizeValueHint": null,
                "confidence": 0.6,
                "viaRedemption": false,
                "giftCard": null
              },
              {
                "brand": "Sara Lee",
                "url": "https://saralee.com.au/grocery-giveaway-tcs-australia/",
                "source": "Source: saralee.com.au (https://saralee.com.au/grocery-giveaway-tcs-australia/)",
                "title": "Grocery Giveaway T&#038;Cs Australia &#8211; Sara Lee",
                "headline": "Grocery Giveaway T&#038;Cs Australia",
                "type": "PRIZE",
                "heroCount": null,
                "totalWinners": null,
                "cadence": null,
                "prizeItems": [
                  "data",
                  "car",
                  "tv",
                  "gift card",
                  "cash",
                  "plan"
                ],
                "prizeValueHint": "$200",
                "confidence": 0.6,
                "viaRedemption": false,
                "giftCard": null
              },
              {
                "brand": "Sara Lee",
                "url": "https://winwithsaralee.com.au/images/Sara%20Lee%20Instant%20Win%20T&C's.pdf",
                "source": "Source: winwithsaralee.com.au (https://winwithsaralee.com.au/images/Sara%20Lee%20Instant%20Win%20T&C's.pdf)",
                "title": "Sara Lee Waffles 30k Giveaway Instant Win Promotion",
                "headline": "Winners will have their initials and state announced on the Sara Lee Promotional website at www.winwithsaralee.com by 30th October, 2024. 14. If ...",
                "type": "PRIZE",
                "heroCount": null,
                "totalWinners": null,
                "cadence": null,
                "prizeItems": [
                  "tv"
                ],
                "prizeValueHint": "$222",
                "confidence": 0.6,
                "viaRedemption": false,
                "giftCard": null
              },
              {
                "brand": "Sara Lee",
                "url": "http://winwithsaralee.com.au/",
                "source": "Source: winwithsaralee.com.au (http://winwithsaralee.com.au/)",
                "title": "Sara Lee Waffles 30k Giveaway Instant Win Promotion",
                "headline": "The promotion commences on the 15/9/2024 at 0900 (AEST) and closes 27/10/2024 at 1700 (AEST). For full T&C's go to www.winwithsaralee.",
                "type": "PRIZE",
                "heroCount": null,
                "totalWinners": null,
                "cadence": "instant",
                "prizeItems": [
                  "data",
                  "car",
                  "voucher",
                  "tv"
                ],
                "prizeValueHint": null,
                "confidence": 0.6,
                "viaRedemption": false,
                "giftCard": null
              },
              {
                "brand": "Sara Lee",
                "url": "https://saralee.com.au/enter-for-your-chance-to-win-a-pair-of-sara-lee-socks-for-dad-terms-and-conditions-2/",
                "source": "Source: saralee.com.au (https://saralee.com.au/enter-for-your-chance-to-win-a-pair-of-sara-lee-socks-for-dad-terms-and-conditions-2/)",
                "title": "Enter for your chance to WIN a pair of Sara Lee socks for Dad! Terms and Conditions &#8211; Sara Lee",
                "headline": "Enter for your chance to WIN a pair of Sara Lee socks for Dad! Terms and Conditions",
                "type": "PRIZE",
                "heroCount": 25,
                "totalWinners": 25,
                "cadence": null,
                "prizeItems": [
                  "data",
                  "car",
                  "tv",
                  "cash",
                  "plan"
                ],
                "prizeValueHint": "$30",
                "confidence": 0.6,
                "viaRedemption": false,
                "giftCard": null
              },
              {
                "brand": "Sara Lee",
                "url": "https://saralee.com.au/enter-for-your-chance-to-win-a-kitchenaid-mixer/",
                "source": "Source: saralee.com.au (https://saralee.com.au/enter-for-your-chance-to-win-a-kitchenaid-mixer/)",
                "title": "Enter for your chance to WIN a KitchenAid Mixer! &#8211; Sara Lee",
                "headline": "Enter for your chance to WIN a KitchenAid Mixer!",
                "type": "PRIZE",
                "heroCount": null,
                "totalWinners": null,
                "cadence": null,
                "prizeItems": [
                  "data",
                  "car",
                  "tv",
                  "plan",
                  "trip"
                ],
                "prizeValueHint": null,
                "confidence": 0.6,
                "viaRedemption": false,
                "giftCard": null
              },
              {
                "brand": "TUFFSTREETERS",
                "url": "https://tuffstreeters.com.au/",
                "source": "Source: tuffstreeters.com.au (https://tuffstreeters.com.au/)",
                "title": "Home - Tuff Streeters",
                "headline": "We Are Tuff Streeters",
                "type": "PRIZE",
                "heroCount": null,
                "totalWinners": null,
                "cadence": "weekly",
                "prizeItems": [
                  "car",
                  "data",
                  "cash",
                  "trip"
                ],
                "prizeValueHint": "$100",
                "confidence": 0.6,
                "viaRedemption": false,
                "giftCard": null
              },
              {
                "brand": "LINKT",
                "url": "https://www.linkt.com.au/campaigns/driveaway/sydney",
                "source": "Source: linkt.com.au (https://www.linkt.com.au/campaigns/driveaway/sydney)",
                "title": "Pardon Our Interruption",
                "headline": "Pardon Our Interruption",
                "type": "PRIZE",
                "heroCount": null,
                "totalWinners": null,
                "cadence": null,
                "prizeItems": [],
                "prizeValueHint": null,
                "confidence": 0.6,
                "viaRedemption": false,
                "giftCard": null
              },
              {
                "brand": "YOURTOWN",
                "url": "https://www.yourtown.com.au/",
                "source": "Source: yourtown.com.au (https://www.yourtown.com.au/)",
                "title": "yourtown | Art Union & Community Services | Prize Homes",
                "headline": "Every young person deserves a chance to thrive",
                "type": "PRIZE",
                "heroCount": null,
                "totalWinners": null,
                "cadence": null,
                "prizeItems": [
                  "car",
                  "data",
                  "tv"
                ],
                "prizeValueHint": null,
                "confidence": 0.6,
                "viaRedemption": false,
                "giftCard": null
              },
              {
                "brand": "RAFFLETIX",
                "url": "https://www.raffletix.com.au/raffles",
                "source": "Source: raffletix.com.au (https://www.raffletix.com.au/raffles)",
                "title": "Live raffles",
                "headline": "Live raffles",
                "type": "PRIZE",
                "heroCount": null,
                "totalWinners": null,
                "cadence": null,
                "prizeItems": [
                  "tv",
                  "data",
                  "car"
                ],
                "prizeValueHint": null,
                "confidence": 0.6,
                "viaRedemption": false,
                "giftCard": null
              },
              {
                "brand": "MOTORCULTUREAUSTRALIA",
                "url": "https://www.motorcultureaustralia.com/current-giveaways/",
                "source": "Source: motorcultureaustralia.com (https://www.motorcultureaustralia.com/current-giveaways/)",
                "title": "Current Giveaways &#8211; Motor Culture Australia",
                "headline": "1 DAY ONLY! Mercedes AMG C63S ¬∑ 1 WEEK ONLY: Brand New INEOS Grenadier ¬∑ 1 DAY ONLY: $100,000 Cash Giveaway ¬∑ 2023 Honda Civic Type R ¬∑ 1 Week Only: Brand New 2024 ...",
                "type": "PRIZE",
                "heroCount": null,
                "totalWinners": null,
                "cadence": null,
                "prizeItems": [
                  "data",
                  "car",
                  "cash",
                  "trip"
                ],
                "prizeValueHint": "$100,000",
                "confidence": 0.6,
                "viaRedemption": false,
                "giftCard": null
              },
              {
                "brand": "RSREWARDS",
                "url": "https://rsrewards.com.au/competition",
                "source": "Source: rsrewards.com.au (https://rsrewards.com.au/competition)",
                "title": "RS Rewards - Australia's Best Rewards Club",
                "headline": "Join RS Rewards for monthly prize draws and exclusive competitions. Win amazing prizes including cash, gift cards, and more. Enter our monthly raffles ...",
                "type": "PRIZE",
                "heroCount": null,
                "totalWinners": null,
                "cadence": "weekly",
                "prizeItems": [
                  "cash",
                  "gift card",
                  "car",
                  "trip",
                  "data",
                  "plan",
                  "plans"
                ],
                "prizeValueHint": "$20",
                "confidence": 0.6,
                "viaRedemption": false,
                "giftCard": null
              },
              {
                "brand": "REDBULL",
                "url": "https://www.redbull.com/au-en/events/red-bull-dance-your-style-national-finals-australia",
                "source": "Source: redbull.com (https://www.redbull.com/au-en/events/red-bull-dance-your-style-national-finals-australia)",
                "title": "Red Bull Dance Your Style Final Australia 2025",
                "headline": "Red Bull Dance Your Style is a 1v1 Street Dance battle competition where Australia's best street dancers dance to unpredictable music hits and the crowd ...",
                "type": "PRIZE",
                "heroCount": null,
                "totalWinners": null,
                "cadence": null,
                "prizeItems": [
                  "data",
                  "car"
                ],
                "prizeValueHint": null,
                "confidence": 0.6,
                "viaRedemption": false,
                "giftCard": null
              },
              {
                "brand": "MASTERSOFCHOREOGRAPHY",
                "url": "https://www.mastersofchoreography.com/udo-australia",
                "source": "Source: mastersofchoreography.com (https://www.mastersofchoreography.com/udo-australia)",
                "title": "UDO AUSTRALIA | Masters Of Choreogra",
                "headline": "UDO Australia falls under the Masters of Choreography umbrella and is our National Street Dance competition which we have hosted since 2015.",
                "type": "PRIZE",
                "heroCount": null,
                "totalWinners": null,
                "cadence": null,
                "prizeItems": [
                  "tv",
                  "data",
                  "car",
                  "plans",
                  "trip",
                  "giftcard",
                  "plan"
                ],
                "prizeValueHint": null,
                "confidence": 0.6,
                "viaRedemption": false,
                "giftCard": null
              },
              {
                "brand": "DARLINGHARBOUR",
                "url": "https://www.darlingharbour.com/whats-on/archive/events/beat-breakdown",
                "source": "Source: darlingharbour.com (https://www.darlingharbour.com/whats-on/archive/events/beat-breakdown)",
                "title": "Beat Breakdown - Battle it out at Sydney&#39;s 1v1 Street Dance Showdown in Darling Harbour | Darling Harbour",
                "headline": "Beat Breakdown",
                "type": "PRIZE",
                "heroCount": null,
                "totalWinners": null,
                "cadence": "weekly",
                "prizeItems": [
                  "data",
                  "car",
                  "plan"
                ],
                "prizeValueHint": null,
                "confidence": 0.6,
                "viaRedemption": false,
                "giftCard": null
              },
              {
                "brand": "TRANSPORT",
                "url": "https://www.transport.nsw.gov.au/industry/cities-and-active-transport/cities-revitalisation-and-place/festival-of-place/creative-3",
                "source": "Source: transport.nsw.gov.au (https://www.transport.nsw.gov.au/industry/cities-and-active-transport/cities-revitalisation-and-place/festival-of-place/creative-3)",
                "title": "Public Space Ideas Competition | Transport for NSW",
                "headline": "The Ideas Competition aimed to shape a new conversation about public space in Sydney and was delivered in partnership with the Committee for Sydney.",
                "type": "PRIZE",
                "heroCount": null,
                "totalWinners": null,
                "cadence": null,
                "prizeItems": [
                  "car",
                  "data",
                  "tv",
                  "trip",
                  "plan"
                ],
                "prizeValueHint": null,
                "confidence": 0.6,
                "viaRedemption": false,
                "giftCard": null
              },
              {
                "brand": "NUTELLA",
                "url": "https://www.nutella.com/au/en/xp/nutella-x-kinder-biscuits/faq/",
                "source": "Source: nutella.com (https://www.nutella.com/au/en/xp/nutella-x-kinder-biscuits/faq/)",
                "title": "Nutella x Kinder Biscuits promotion",
                "headline": "Frequently Asked Questions",
                "type": "PRIZE",
                "heroCount": null,
                "totalWinners": null,
                "cadence": "instant",
                "prizeItems": [
                  "data",
                  "gift card",
                  "car"
                ],
                "prizeValueHint": "$100",
                "confidence": 0.6,
                "viaRedemption": false,
                "giftCard": null
              },
              {
                "brand": "KINDER",
                "url": "https://www.kinder.com/au/en/xp/kinderbuenosoundbreaks/term-conditions",
                "source": "Source: kinder.com (https://www.kinder.com/au/en/xp/kinderbuenosoundbreaks/term-conditions)",
                "title": "T&amp;C | Kinder Bueno Sound Breaks",
                "headline": "All provisional winners are subject to verification. Upon verification, winners will be sent their prize. Total prize pool. The total prize pool is AU$43,022.",
                "type": "PRIZE",
                "heroCount": 1,
                "totalWinners": null,
                "cadence": "daily",
                "prizeItems": [
                  "data",
                  "car",
                  "holiday",
                  "cash",
                  "plan"
                ],
                "prizeValueHint": "$439",
                "confidence": 0.6,
                "viaRedemption": false,
                "giftCard": null
              },
              {
                "brand": "NUTELLA",
                "url": "https://www.nutella.com/au/en/xp/nutella-x-kinder-biscuits/winners/",
                "source": "Source: nutella.com (https://www.nutella.com/au/en/xp/nutella-x-kinder-biscuits/winners/)",
                "title": "Winners - Nutella",
                "headline": "Winners",
                "type": "PRIZE",
                "heroCount": null,
                "totalWinners": null,
                "cadence": null,
                "prizeItems": [
                  "data",
                  "gift card",
                  "car"
                ],
                "prizeValueHint": "$10,000",
                "confidence": 0.6,
                "viaRedemption": false,
                "giftCard": null
              },
              {
                "brand": "KINDER",
                "url": "https://www.kinder.com/au/en/kinder-natoons-consumer-promotion-faq",
                "source": "Source: kinder.com (https://www.kinder.com/au/en/kinder-natoons-consumer-promotion-faq)",
                "title": "Kinder Natoons Consumer Promotion FAQ - Kinder Australia and New Zealand",
                "headline": "Kinder Natoons Consumer Promotion FAQ",
                "type": "PRIZE",
                "heroCount": null,
                "totalWinners": null,
                "cadence": "daily",
                "prizeItems": [
                  "car",
                  "data",
                  "tv"
                ],
                "prizeValueHint": null,
                "confidence": 0.6,
                "viaRedemption": false,
                "giftCard": null
              },
              {
                "brand": "TCGPROMO",
                "url": "https://tcgpromo.com.au/au/en/xp/win/terms-lavazza/",
                "source": "Source: tcgpromo.com.au (https://tcgpromo.com.au/au/en/xp/win/terms-lavazza/)",
                "title": "Terms-Lavazza | Nutella¬†DeLonghi Promotion",
                "headline": "All draws will take place at 3:30pm AEST/AEDT (5:30pm NZDT) at Handling Matters Pty Ltd, Unit 40, 1-5 Thew Parade, Cromer NSW 2099 on the dates specified in the ...",
                "type": "PRIZE",
                "heroCount": 250,
                "totalWinners": null,
                "cadence": null,
                "prizeItems": [
                  "data",
                  "car",
                  "gift card",
                  "cash",
                  "plan"
                ],
                "prizeValueHint": "$15",
                "confidence": 0.6,
                "viaRedemption": false,
                "giftCard": null
              },
              {
                "brand": "Woolworths",
                "url": "https://www.lottos.com.au/competitions/viewthreadlite.php?tid=672336",
                "source": "Source: lottos.com.au (https://www.lottos.com.au/competitions/viewthreadlite.php?tid=672336)",
                "title": "Verifying...",
                "headline": "The winner of the Major Prize Draw will win one (1) $10,000 EFTPOS Gift Card. Total prize pool. The total prize pool is AU$50,000. How many ...",
                "type": "PRIZE",
                "heroCount": null,
                "totalWinners": null,
                "cadence": null,
                "prizeItems": [
                  "data"
                ],
                "prizeValueHint": null,
                "confidence": 0.6,
                "viaRedemption": false,
                "giftCard": null
              },
              {
                "brand": "KINDER",
                "url": "https://www.kinder.com/au/en/win",
                "source": "Source: kinder.com (https://www.kinder.com/au/en/win)",
                "title": "Win - Kinder Australia and New Zealand",
                "headline": "Enter for a chance to win 1 of 1500 Natoons Adventure Boards.",
                "type": "PRIZE",
                "heroCount": 150,
                "totalWinners": null,
                "cadence": null,
                "prizeItems": [
                  "data",
                  "car"
                ],
                "prizeValueHint": null,
                "confidence": 0.6,
                "viaRedemption": false,
                "giftCard": null
              },
              {
                "brand": "AP-SOUTHEAST-2",
                "url": "https://ap-southeast-2.graphassets.com/AY4aDPEmTRrKdZ4jgHiscz/cmbr6yjzfyqw6072vyro8jeep",
                "source": "Source: ap-southeast-2.graphassets.com (https://ap-southeast-2.graphassets.com/AY4aDPEmTRrKdZ4jgHiscz/cmbr6yjzfyqw6072vyro8jeep)",
                "title": "PR240643 - Conversion - Nutella and Kinder Biscuits Promotion",
                "headline": "Entries open at 12:00am AEST on 16/07/25 and close at 11:59pm AEST on 26/08/25. (‚ÄúCompetition Period‚Äù). Who can enter?",
                "type": "PRIZE",
                "heroCount": null,
                "totalWinners": null,
                "cadence": null,
                "prizeItems": [
                  "tv",
                  "giftcard",
                  "car"
                ],
                "prizeValueHint": "$79",
                "confidence": 0.6,
                "viaRedemption": false,
                "giftCard": null
              },
              {
                "brand": "FERRERO",
                "url": "https://www.ferrero.com/int/en/news-stories/news/tic-tac-launches-new-choose-your-match-campaign",
                "source": "Source: ferrero.com (https://www.ferrero.com/int/en/news-stories/news/tic-tac-launches-new-choose-your-match-campaign)",
                "title": "Tic Tac Launches &#039;Choose Your Match&#039; Campaign - Vote for the Next Limited-Edition Flavor | Ferrero",
                "headline": "Join Tic Tac's 'Choose Your Match' campaign and help decide the next limited-edition flavor! Explore new refreshing Tic Tac flavors, ...",
                "type": "PRIZE",
                "heroCount": null,
                "totalWinners": null,
                "cadence": null,
                "prizeItems": [
                  "car",
                  "plan",
                  "data",
                  "trip",
                  "tv"
                ],
                "prizeValueHint": null,
                "confidence": 0.6,
                "viaRedemption": false,
                "giftCard": null
              },
              {
                "brand": "EMPORIUMSHOWBAGS",
                "url": "https://emporiumshowbags.com.au/terms-and-conditions/",
                "source": "Source: emporiumshowbags.com.au (https://emporiumshowbags.com.au/terms-and-conditions/)",
                "title": "Terms and Conditions | Emporium Showbags",
                "headline": "Winners will be posted on @‚Äåemporiumshowbags Instagram stories at 7pm Wednesday 24th September 2025 AEDT. Winner will be contacted through our official ...",
                "type": "PRIZE",
                "heroCount": null,
                "totalWinners": null,
                "cadence": null,
                "prizeItems": [
                  "data",
                  "car",
                  "cash",
                  "gift card",
                  "voucher",
                  "tv"
                ],
                "prizeValueHint": "$500",
                "confidence": 0.6,
                "viaRedemption": false,
                "giftCard": null
              },
              {
                "brand": "Gelatissimo",
                "url": "https://gelatissimo.com.au/gelatissimo-marion-birthday-giveaway-tcs/",
                "source": "Source: gelatissimo.com.au (https://gelatissimo.com.au/gelatissimo-marion-birthday-giveaway-tcs/)",
                "title": "Gelatissimo Marion Birthday Giveaway T&amp;Cs - Gelatissimo",
                "headline": "Gelatissimo Marion Birthday Giveaway T&#038;Cs",
                "type": "PRIZE",
                "heroCount": null,
                "totalWinners": null,
                "cadence": "daily",
                "prizeItems": [
                  "data",
                  "car",
                  "gift card",
                  "cash",
                  "tv"
                ],
                "prizeValueHint": "$500",
                "confidence": 0.6,
                "viaRedemption": false,
                "giftCard": null
              },
              {
                "brand": "GELATISSIMO",
                "url": "https://gelatissimo.com.au/social-competition-terms-conditions/",
                "source": "Source: gelatissimo.com.au (https://gelatissimo.com.au/social-competition-terms-conditions/)",
                "title": "Social Competitions - Terms &amp; Conditions - Gelatissimo",
                "headline": "Social Competitions &#8211; Terms &#038; Conditions",
                "type": "PRIZE",
                "heroCount": null,
                "totalWinners": null,
                "cadence": "daily",
                "prizeItems": [
                  "data",
                  "car",
                  "gift card",
                  "cash",
                  "tv"
                ],
                "prizeValueHint": "$20",
                "confidence": 0.6,
                "viaRedemption": false,
                "giftCard": null
              },
              {
                "brand": "GELATISSIMO",
                "url": "https://gelatissimo.com.au/turtally-awesome-colouring-in-competition/",
                "source": "Source: gelatissimo.com.au (https://gelatissimo.com.au/turtally-awesome-colouring-in-competition/)",
                "title": "Turtally Awesome Colouring In Competition - Gelatissimo",
                "headline": "Turtally Awesome Colouring In Competition",
                "type": "PRIZE",
                "heroCount": 46,
                "totalWinners": null,
                "cadence": "daily",
                "prizeItems": [
                  "data",
                  "car",
                  "cash",
                  "plan",
                  "gift card",
                  "tv"
                ],
                "prizeValueHint": "$49",
                "confidence": 0.6,
                "viaRedemption": false,
                "giftCard": null
              },
              {
                "brand": "GELATISSIMO",
                "url": "https://gelatissimo.com.au/celebrate-mont-blanc-moccamaster-giveaway-tcs/",
                "source": "Source: gelatissimo.com.au (https://gelatissimo.com.au/celebrate-mont-blanc-moccamaster-giveaway-tcs/)",
                "title": "Celebrate Mont Blanc - Moccamaster Giveaway T&amp;Cs - Gelatissimo",
                "headline": "Celebrate Mont Blanc &#8211; Moccamaster Giveaway T&#038;Cs",
                "type": "PRIZE",
                "heroCount": null,
                "totalWinners": null,
                "cadence": "daily",
                "prizeItems": [
                  "data",
                  "car",
                  "cash",
                  "gift card",
                  "tv"
                ],
                "prizeValueHint": "$600",
                "confidence": 0.6,
                "viaRedemption": false,
                "giftCard": null
              },
              {
                "brand": "Gelatissimo",
                "url": "https://gelatissimo.com.au/gelatissimo-x-transformers-one-merchandise-competition-terms-conditions/",
                "source": "Source: gelatissimo.com.au (https://gelatissimo.com.au/gelatissimo-x-transformers-one-merchandise-competition-terms-conditions/)",
                "title": "Gelatissimo x TRANSFORMERS ONE Merchandise Competition Terms &amp; Conditions - Gelatissimo",
                "headline": "Gelatissimo x TRANSFORMERS ONE Merchandise Competition Terms &#038; Conditions",
                "type": "PRIZE",
                "heroCount": 15,
                "totalWinners": null,
                "cadence": "daily",
                "prizeItems": [
                  "data",
                  "car",
                  "cash",
                  "plan",
                  "gift card",
                  "tv"
                ],
                "prizeValueHint": "$500",
                "confidence": 0.6,
                "viaRedemption": false,
                "giftCard": null
              }
            ]
          },
          "retailers": {
            "names": [
              "Coles",
              "Woolworths",
              "ALDI",
              "IGA",
              "7-Eleven",
              "IGA / Metcash",
              "Convenience chains (7-Eleven, NightOwl)"
            ],
            "facts": [
              {
                "claim": "Shop Wicked Sister Products Online ‚Äî Spend $20 in one transaction, scan your Flybuys and receive one bonus ... Coles Online - Hawthorn East, Victoria Australia 3123 ¬© Copyright Coles 2025 ...",
                "source": "Source: coles.com.au (https://www.coles.com.au/brands/wicked-sister-2243304464?srsltid=AfmBOorYQ8EpCARESOfggSYw6a0kH6Cd3I8WTHdJ2uPnxIgPwdEmQSyX)"
              },
              {
                "claim": "Shop Wicked Products Online ‚Äî Wicked Sister High Protein Chocolate Pudding | 170g. Wicked Sister High Protein Chocolate Pudding | 170g. $3.30. $1.94 per 100g.",
                "source": "Source: coles.com.au (https://www.coles.com.au/brands/wicked-209964905?srsltid=AfmBOortoQhVbLxDlHASP978vo60t2xIrbty54sQNgLP1XZNkHeuMoVj)"
              },
              {
                "claim": "Shop Wicked Sister Products Online ‚Äî Shop your way at Coles. Our range of Wicked Sister products at everyday low prices you know and trust. Shop online and get home delivery or click and ...",
                "source": "Source: coles.com.au (https://www.coles.com.au/brands/wicked-sister-2243304464?srsltid=AfmBOophw4pZ-ovAdz4Yo1Wu-oOmT-q36A_DguVvm1KJ1Y5teT7wiTKK)"
              },
              {
                "claim": "Browse Frozen Desserts ‚Äî Frozen Desserts ; Sara Lee Lemon Cheesecake | 410g ¬∑ $2.20 per 100g ; Sara Lee Frozen Chocolate Buttercake | 350g ¬∑ $2.57 per 100g ; Sara Lee ...",
                "source": "Source: coles.com.au (https://www.coles.com.au/browse/frozen/frozen-desserts?srsltid=AfmBOoqADk4B-Ru-b16VsUXkYkjrkoV-PHhDU49mf67OBdGP2in7EG7t)"
              },
              {
                "claim": "Browse Assorted Desserts ‚Äî Assorted Desserts ; Sara Lee Frozen Chocolate Buttercake | 350g ¬∑ $9.00. $2.57 per 100g ; Coles Finest Triple Chocolate Buche | 470g ¬∑ $18.00.",
                "source": "Source: coles.com.au (https://www.coles.com.au/browse/frozen/frozen-desserts/assorted-desserts?srsltid=AfmBOoqLhpCXuJ8382fayyc4PQ8RPG3OAm3owlAHdkMPjR1g9IWQL5_N)"
              },
              {
                "claim": "Browse Frozen ‚Äî Binggrae Samanco Dessert Sandwich 4 Pack. Frozen dessert with strawberry or red bean flavours. Shop Now.",
                "source": "Source: coles.com.au (https://www.coles.com.au/browse/frozen?srsltid=AfmBOooaZxqdFdACnLS3yFGQgsu_guylkITN7tX67HTQrC-MnBEEpot1)"
              },
              {
                "claim": "Browse Ice Cream ‚Äî Proud & Punch Coconuts For Mango Frozen Dessert 6 Pack | 450mL. Proud & Punch Coconuts For Mango Frozen Dessert 6 Pack | 450mL. $4.25.",
                "source": "Source: coles.com.au (https://www.coles.com.au/browse/frozen/ice-cream?srsltid=AfmBOopKVUD0tKALr3q2cigrPI24lPrC5JUNTGfeZWP0tHdIiJ964h_W)"
              },
              {
                "claim": "Browse Cakes & Cheesecakes ‚Äî Sara Lee Lemon Cheesecake | 410g ¬∑ $2.20 per 100g ; Sara Lee Frozen Chocolate Buttercake | 350g ¬∑ $2.57 per 100g ; Sara Lee Frozen Chocolate ...",
                "source": "Source: coles.com.au (https://www.coles.com.au/browse/frozen/frozen-desserts/cakes-cheesecakes?srsltid=AfmBOoqRuWbhAPkO3Sbtpqm1KvK3E9gS8F9j4TO18tYXyN36IOJMwGxq)"
              }
            ]
          },
          "season": {
            "label": "Spring in Australia",
            "facts": []
          },
          "market": {
            "facts": [
              {
                "claim": "Bridging the gap: Trends and challenges in grocery and retail ‚Äî With consumers increasingly seeking convenience, food-to-go and meal solutions are becoming increasingly popular. While many grocery retailers ...",
                "source": "Source: retail.org.au (https://www.retail.org.au/news-and-insights/bridging-the-gap-trends-and-challenges-in-grocery-and-retail)"
              },
              {
                "claim": "Supermarkets and Grocery Stores in Australia ‚Äî Trends and Insights ¬∑ ACCC's supermarket inquiry has highlighted key industry dynamics. ¬∑ Changing consumer trends are causing a shift in store product mixes.",
                "source": "Source: ibisworld.com (https://www.ibisworld.com/australia/industry/supermarkets-and-grocery-stores/1834/)"
              },
              {
                "claim": "Australian Retail Outlook 2025 ‚Äî Retail sector trends and insights for 2025, including digital evolution, customer experience, sustainability and supply chain optimisation.",
                "source": "Source: kpmg.com (https://kpmg.com/au/en/insights/industry/australian-retail-outlook.html)"
              },
              {
                "claim": "People infer better odds when many winners are visible; cadence visibility (e.g., daily awards) increases perceived fairness.",
                "source": "Source: indicative (behavioural marketing literature)"
              }
            ]
          },
          "signals": {
            "facts": [
              {
                "claim": "Client: Wicked Sister",
                "source": "Source: brief"
              },
              {
                "claim": "Brand: Wicked Sister",
                "source": "Source: brief"
              },
              {
                "claim": "Campaign objective: Drive two-pack purchases and capture opted-in dessert fans before the Wicked film release.",
                "source": "Source: brief"
              },
              {
                "claim": "Promotion type: INSTANT_WIN",
                "source": "Source: brief"
              },
              {
                "claim": "Mechanic: Buy 2 products, upload receipts and discover instantly if you‚Äôve scored a movie ticket.",
                "source": "Source: brief"
              },
              {
                "claim": "Hook: Win a Movie Ticket Instantly",
                "source": "Source: brief"
              },
              {
                "claim": "Channels: In-store",
                "source": "Source: brief"
              },
              {
                "claim": "Channels: Social",
                "source": "Source: brief"
              },
              {
                "claim": "Channels: Digital",
                "source": "Source: brief"
              },
              {
                "claim": "Channels: Influencer",
                "source": "Source: brief"
              },
              {
                "claim": "Channels: Retail Media",
                "source": "Source: brief"
              },
              {
                "claim": "Channels: GROCERY",
                "source": "Source: brief"
              },
              {
                "claim": "Channels: CONVENIENCE",
                "source": "Source: brief"
              },
              {
                "claim": "Season/theme: Spring",
                "source": "Source: brief"
              },
              {
                "claim": "Staff burden: ZERO",
                "source": "Source: brief"
              },
              {
                "claim": "Proof requirement: FULL_RECEIPT",
                "source": "Source: brief"
              },
              {
                "claim": "Entry mechanic cues: Win a Movie Ticket Instantly",
                "source": "Source: brief"
              },
              {
                "claim": "Entry mechanic cues: Buy 2 products, upload receipts and discover instantly if you‚Äôve scored a movie ticket.",
                "source": "Source: brief"
              },
              {
                "claim": "Campaign title: Spring Movie Launch",
                "source": "Source: brief"
              },
              {
                "claim": "IP tie-in briefed (licensed): Wicked ‚Äî For Good | type: FILM | window: November 2025.",
                "source": "Source: brief"
              },
              {
                "claim": "Recent promos show hero prize counts clustering around ~35.5 (mode ‚âà 1).",
                "source": "Source: indicative (live promo scan)"
              },
              {
                "claim": "Cadence cues common in-market: instant & weekly & daily.",
                "source": "Source: indicative (live promo scan)"
              }
            ]
          },
          "benchmarks": {
            "heroPrize": {
              "median": 35.5,
              "mode": 1
            },
            "cadenceShare": {
              "instant": 0.3529411764705883,
              "weekly": 0.2352941176470588,
              "daily": 0.4117647058823529
            },
            "manyWinnersShare": 0,
            "prizeCountsObserved": {
              "total": 10,
              "common": [
                {
                  "count": 1,
                  "share": 0.2
                },
                {
                  "count": 150,
                  "share": 0.2
                },
                {
                  "count": 3,
                  "share": 0.1
                }
              ]
            },
            "recommendedHeroCount": 3,
            "positionVsMarket": "UNKNOWN"
          },
          "meta": {
            "level": "MAX",
            "warnings": [],
            "usedFallbacks": [],
            "searchProvider": "serper",
            "logs": [
              "search:serper:The Wicked Sisters shopper promotion AU -> 6",
              "search:serper:The Wicked Sisters Coles promotion AU -> 6",
              "search:serper:Frozen dessert Australia market trend -> 6",
              "search:serper:Australia grocery & convenience retail trends -> 6",
              "search:serper:The Wicked Sisters shopper insights AU -> 6",
              "search:serper:Frozen dessert promotion Australia -> 6",
              "search:serper:The Wicked Sisters consumer insights AU -> 6",
              "search:serper:The Wicked Sisters consumer research AU -> 6",
              "search:serper:The Wicked Sisters Coles activation Australia -> 6",
              "search:serper:Frozen dessert category growth Australia -> 6",
              "search:serper:The Wicked Sisters brand campaign AU -> 6",
              "search:serper:The Wicked Sisters buyer insight AU -> 6",
              "search:serper:The Wicked Sisters Coles buyer pitch -> 6",
              "search:serper:The Wicked Sisters market share AU -> 6",
              "search:serper:The Wicked Sisters audience profile Australia -> 6",
              "search:serper:The Wicked Sisters Drive two-pack purchases and capture opted-in dessert fans before the Wicked film release. promotion AU -> 6",
              "search:serper:The Wicked Sisters Coles range review -> 6",
              "search:serper:The Wicked Sisters category performance AU -> 6",
              "search:serper:Primary grocery buyers shopper insights AU -> 6",
              "search:serper:The Wicked Sisters Coles case study -> 6",
              "search:serper:The Wicked Sisters Win a Movie Ticket Instantly promotion AU -> 6",
              "search:serper:The Wicked Sisters sales growth AU -> 6",
              "search:serper:Primary grocery buyers promotion response AU -> 6",
              "search:serper:The Wicked Sisters Woolworths promotion AU -> 6",
              "search:serper:The Wicked Sisters Buy 2 products, upload receipts and discover instantly if you‚Äôve scored a movie ticket. promotion AU -> 6",
              "search:serper:The Wicked Sisters Woolworths activation Australia -> 6",
              "search:serper:The Wicked Sisters Australia -> 6",
              "search:serper:They reward the family with purposeful treats that feel magical but still practical. shopper insights AU -> 6",
              "search:serper:The Wicked Sisters prize draw Australia -> 6",
              "search:serper:The Wicked Sisters Woolworths buyer pitch -> 6",
              "search:serper:They reward the family with purposeful treats that feel magical but still practical. promotion response AU -> 6",
              "search:serper:Plans movie nights, shares dessert finds on social, responds to retailer app notifications. shopper insights AU -> 6",
              "search:serper:The Wicked Sisters Woolworths range review -> 6",
              "search:serper:The Wicked Sisters Woolworths case study -> 6",
              "search:serper:Plans movie nights, shares dessert finds on social, responds to retailer app notifications. promotion response AU -> 6",
              "search:serper:In-store shopper behaviour AU -> 6",
              "search:serper:The Wicked Sisters ALDI promotion AU -> 6",
              "search:serper:The Wicked Sisters ALDI activation Australia -> 6",
              "search:serper:Social shopper behaviour AU -> 6",
              "search:serper:The Wicked Sisters ALDI buyer pitch -> 6",
              "search:serper:Digital shopper behaviour AU -> 6",
              "search:serper:Influencer shopper behaviour AU -> 6",
              "search:serper:The Wicked Sisters ALDI range review -> 6",
              "search:serper:The Wicked Sisters ALDI case study -> 6",
              "search:serper:Australia grocery shopper promotion trends -> 6",
              "search:serper:The Wicked Sisters IGA promotion AU -> 6",
              "search:serper:front-of-store impulse purchase research Australia -> 6",
              "search:serper:The Wicked Sisters IGA activation Australia -> 6",
              "search:serper:AU retail promotional response study -> 6",
              "search:serper:The Wicked Sisters IGA buyer pitch -> 6",
              "search:serper:The Wicked Sisters IGA range review -> 6",
              "search:serper:The Wicked Sisters IGA case study -> 6",
              "search:serper:The Wicked Sisters 7-Eleven promotion AU -> 6",
              "search:serper:The Wicked Sisters 7-Eleven activation Australia -> 6",
              "search:serper:The Wicked Sisters 7-Eleven buyer pitch -> 6",
              "search:serper:The Wicked Sisters 7-Eleven range review -> 6",
              "search:serper:The Wicked Sisters 7-Eleven case study -> 6",
              "search:serper:The Wicked Sisters IGA / Metcash promotion AU -> 6",
              "search:serper:The Wicked Sisters IGA / Metcash activation Australia -> 6",
              "search:serper:The Wicked Sisters IGA / Metcash buyer pitch -> 2",
              "search:serper:The Wicked Sisters IGA / Metcash range review -> 6",
              "search:serper:The Wicked Sisters IGA / Metcash case study -> 6",
              "search:serper:The Wicked Sisters Convenience chains (7-Eleven, NightOwl) promotion AU -> 6",
              "search:serper:The Wicked Sisters Convenience chains (7-Eleven, NightOwl) activation Australia -> 6",
              "search:serper:The Wicked Sisters Convenience chains (7-Eleven, NightOwl) buyer pitch -> 6",
              "search:serper:The Wicked Sisters Convenience chains (7-Eleven, NightOwl) range review -> 6",
              "search:serper:The Wicked Sisters Convenience chains (7-Eleven, NightOwl) case study -> 6",
              "search:serper:The Wicked Sisters ranging Australia -> 6",
              "search:serper:The Wicked Sisters retail buyer feedback -> 6",
              "search:serper:The Wicked Sisters supermarket partnership Australia -> 6",
              "search:serper:Coles freezer space Frozen dessert AU -> 5",
              "search:serper:Frozen dessert treat cost of living AU -> 5",
              "search:serper:Coles range review Frozen dessert AU -> 5",
              "search:serper:Frozen dessert grocery budget indulgence AU -> 5",
              "search:serper:Coles shelf space competition Frozen dessert -> 5",
              "search:serper:Frozen dessert family dessert sharing insight -> 5",
              "search:serper:Woolworths freezer space Frozen dessert AU -> 5",
              "search:serper:Frozen dessert shopper mum buying for family -> 5",
              "search:serper:Woolworths range review Frozen dessert AU -> 5",
              "search:serper:Woolworths shelf space competition Frozen dessert -> 5",
              "search:serper:Frozen dessert affordable luxury Australia -> 5",
              "search:serper:ALDI freezer space Frozen dessert AU -> 5",
              "search:serper:cost of living grocery treat australia -> 5",
              "search:serper:ALDI range review Frozen dessert AU -> 5",
              "search:serper:grocery buyer vs eater insight australia -> 5",
              "search:serper:The Wicked Sisters shopper insight australia -> 5",
              "search:serper:ALDI shelf space competition Frozen dessert -> 5",
              "search:serper:The Wicked Sisters cost of living -> 5",
              "search:serper:IGA freezer space Frozen dessert AU -> 5",
              "search:serper:The Wicked Sisters treat mom insight -> 5",
              "search:serper:IGA range review Frozen dessert AU -> 5",
              "search:serper:IGA shelf space competition Frozen dessert -> 5",
              "search:serper:7-Eleven freezer space Frozen dessert AU -> 5",
              "search:serper:7-Eleven range review Frozen dessert AU -> 5",
              "search:serper:7-Eleven shelf space competition Frozen dessert -> 5",
              "search:serper:IGA / Metcash freezer space Frozen dessert AU -> 5",
              "search:serper:IGA / Metcash range review Frozen dessert AU -> 5",
              "search:serper:IGA / Metcash shelf space competition Frozen dessert -> 5",
              "search:serper:The Wicked Sisters Coles ranging -> 5",
              "search:serper:The Wicked Sisters Woolworths range -> 5",
              "search:serper:The Wicked Sisters freezer facings Australia -> 5",
              "search:serper:Frozen dessert freezer space Australia -> 5",
              "search:serper:Frozen dessert shelf share supermarket -> 5",
              "search:serper:Frozen dessert private label competition Australia -> 5",
              "search:serper:Frozen dessert range review Coles -> 5",
              "search:serper:Frozen dessert range review Woolworths -> 5",
              "search:serper:Frozen dessert independent grocer freezer -> 5",
              "search:serper:Rokeby Farms freezer space Coles -> 5",
              "search:serper:Rokeby Farms Woolworths freezer -> 5",
              "search:serper:Priestley‚Äôs Gourmet Delights freezer space Coles -> 5",
              "search:serper:Priestley‚Äôs Gourmet Delights Woolworths freezer -> 5",
              "search:serper:Jillian's Cakery freezer space Coles -> 5",
              "search:serper:Rokeby Farms promotion AU -> 6",
              "search:serper:Rokeby Farms competition AU -> 6",
              "search:serper:Priestley‚Äôs Gourmet Delights promotion AU -> 6",
              "search:serper:Priestley‚Äôs Gourmet Delights competition AU -> 6",
              "search:serper:Jillian's Cakery promotion AU -> 6",
              "search:serper:Jillian's Cakery competition AU -> 6",
              "search:serper:Belle Fleur promotion AU -> 6",
              "search:serper:Belle Fleur competition AU -> 6",
              "search:serper:Beak & Johnston promotion AU -> 6",
              "search:serper:Beak & Johnston competition AU -> 6",
              "search:serper:Carman's promotion AU -> 6",
              "search:serper:Carman's competition AU -> 6",
              "search:serper:Pauls PLUS+ promotion AU -> 6",
              "search:serper:Pauls PLUS+ competition AU -> 6",
              "search:serper:Chobani promotion AU -> 6",
              "search:serper:Chobani competition AU -> 6",
              "search:serper:Rokeby Farms brand overview AU -> 6",
              "search:serper:Rokeby Farms chilled dessert brand Australia -> 6",
              "search:serper:Rokeby Farms shopper insight AU -> 6",
              "search:serper:Rokeby Farms retail distribution Australia -> 6",
              "search:serper:The Wicked Sisters vs Rokeby Farms -> 6",
              "search:serper:The Wicked Sisters and Rokeby Farms market share -> 6",
              "search:serper:The Wicked Sisters Rokeby Farms comparison Australia -> 6",
              "search:serper:Priestley‚Äôs Gourmet Delights brand overview AU -> 6",
              "search:serper:Priestley‚Äôs Gourmet Delights chilled dessert brand Australia -> 6",
              "search:serper:Priestley‚Äôs Gourmet Delights shopper insight AU -> 6",
              "search:serper:Priestley‚Äôs Gourmet Delights retail distribution Australia -> 6",
              "search:serper:The Wicked Sisters vs Priestley‚Äôs Gourmet Delights -> 6",
              "search:serper:The Wicked Sisters and Priestley‚Äôs Gourmet Delights market share -> 6",
              "search:serper:The Wicked Sisters Priestley‚Äôs Gourmet Delights comparison Australia -> 6",
              "search:serper:Jillian's Cakery brand overview AU -> 6",
              "search:serper:Jillian's Cakery chilled dessert brand Australia -> 6",
              "search:serper:Jillian's Cakery shopper insight AU -> 6",
              "search:serper:Jillian's Cakery retail distribution Australia -> 6",
              "search:serper:The Wicked Sisters vs Jillian's Cakery -> 6",
              "search:serper:The Wicked Sisters and Jillian's Cakery market share -> 6",
              "search:serper:The Wicked Sisters Jillian's Cakery comparison Australia -> 6",
              "search:serper:Belle Fleur brand overview AU -> 6",
              "search:serper:Belle Fleur chilled dessert brand Australia -> 6",
              "search:serper:Belle Fleur shopper insight AU -> 6",
              "search:serper:Belle Fleur retail distribution Australia -> 6",
              "search:serper:The Wicked Sisters vs Belle Fleur -> 6",
              "search:serper:The Wicked Sisters and Belle Fleur market share -> 6",
              "search:serper:The Wicked Sisters Belle Fleur comparison Australia -> 6",
              "search:serper:Beak & Johnston brand overview AU -> 6",
              "search:serper:Beak & Johnston chilled dessert brand Australia -> 6",
              "search:serper:Beak & Johnston shopper insight AU -> 6",
              "search:serper:Beak & Johnston retail distribution Australia -> 6",
              "search:serper:The Wicked Sisters vs Beak & Johnston -> 6",
              "search:serper:The Wicked Sisters and Beak & Johnston market share -> 6",
              "search:serper:The Wicked Sisters Beak & Johnston comparison Australia -> 6",
              "search:serper:Carman's brand overview AU -> 6",
              "search:serper:Carman's chilled dessert brand Australia -> 6",
              "search:serper:Carman's shopper insight AU -> 6",
              "search:serper:Carman's retail distribution Australia -> 6",
              "search:serper:The Wicked Sisters vs Carman's -> 6",
              "search:serper:The Wicked Sisters and Carman's market share -> 6",
              "search:serper:The Wicked Sisters Carman's comparison Australia -> 6",
              "search:serper:Pauls PLUS+ brand overview AU -> 6",
              "search:serper:Pauls PLUS+ chilled dessert brand Australia -> 6",
              "search:serper:Pauls PLUS+ shopper insight AU -> 6",
              "search:serper:Pauls PLUS+ retail distribution Australia -> 6",
              "search:serper:The Wicked Sisters vs Pauls PLUS+ -> 6",
              "search:serper:The Wicked Sisters and Pauls PLUS+ market share -> 6",
              "editorial:success",
              "catType=GENERIC",
              "liquorSub=UNKNOWN",
              "assured=false",
              "promos_collected=83",
              "benchmarks={\"heroPrize\":{\"median\":35.5,\"mode\":1},\"cadenceShare\":{\"instant\":0.35294117647058826,\"weekly\":0.23529411764705882,\"daily\":0.4117647058823529},\"manyWinnersShare\":0,\"prizeCountsObserved\":{\"total\":10,\"common\":[{\"count\":1,\"share\":0.2},{\"count\":150,\"share\":0.2},{\"count\":3,\"share\":0.1}]},\"recommendedHeroCount\":3,\"positionVsMarket\":\"UNKNOWN\"}"
            ],
            "cachedAt": "2025-11-01T07:36:39.136Z"
          },
          "insights": {
            "brand": [
              {
                "text": "Wicked Sister x Wicked ‚Äî Purchase any two packs of Wicked Sister Products for your chance to instantly win a movie ticket!",
                "source": "wickedsisterwin.com.au"
              },
              {
                "text": "FAQs - Wicked Sister x Wicked ‚Äî Buy any 2 packs of Wicked Sister products in one transaction from a Woolworths store during the Woolworths Exclusive promotion period. Then go ...",
                "source": "wickedsisterwin.com.au"
              },
              {
                "text": "Wicked Sister: Home Page ‚Äî Enjoy wickedly delicious desserts designed for everyday indulgence by Wicked Sister. Explore our wicked range, try recipes and find stockists here.",
                "source": "wickedsister.com.au"
              }
            ],
            "audience": [
              {
                "text": "Wicked Sister goes 'For Good' with new Wicked-inspired ... ‚Äî Chilled dessert brand Wicked Sister has launched limited-edition dessert pots inspired by Wicked: For Good film set to premiere next month.",
                "source": "insidefmcg.com.au"
              },
              {
                "text": "Paul Polly from Wicked Sister | Determined to succeed ‚Äî This is the story of Paul Polly and Wicked Sister desserts. Learn how he went from one pot to a $12 million factory.",
                "source": "nab.com.au"
              },
              {
                "text": "Wicked Sister bulks up protein pudding pack size ‚Äî With 15 grams of protein per serving and available in chocolate, strawberry, banana, along with a new vanilla flavour, these join the wider 170 ...",
                "source": "foodanddrinkbusiness.com.au"
              }
            ],
            "retailers": [
              {
                "text": "Shop Wicked Sister Products Online ‚Äî Spend $20 in one transaction, scan your Flybuys and receive one bonus ... Coles Online - Hawthorn East, Victoria Australia 3123 ¬© Copyright Coles 2025 ...",
                "source": "coles.com.au"
              },
              {
                "text": "Shop Wicked Products Online ‚Äî Wicked Sister High Protein Chocolate Pudding | 170g. Wicked Sister High Protein Chocolate Pudding | 170g. $3.30. $1.94 per 100g.",
                "source": "coles.com.au"
              },
              {
                "text": "Shop Wicked Sister Products Online ‚Äî Shop your way at Coles. Our range of Wicked Sister products at everyday low prices you know and trust. Shop online and get home delivery or click and ...",
                "source": "coles.com.au"
              },
              {
                "text": "Browse Frozen Desserts ‚Äî Frozen Desserts ; Sara Lee Lemon Cheesecake | 410g ¬∑ $2.20 per 100g ; Sara Lee Frozen Chocolate Buttercake | 350g ¬∑ $2.57 per 100g ; Sara Lee ...",
                "source": "coles.com.au"
              }
            ],
            "market": [
              {
                "text": "Bridging the gap: Trends and challenges in grocery and retail ‚Äî With consumers increasingly seeking convenience, food-to-go and meal solutions are becoming increasingly popular. While many grocery retailers ...",
                "source": "retail.org.au"
              },
              {
                "text": "Supermarkets and Grocery Stores in Australia ‚Äî Trends and Insights ¬∑ ACCC's supermarket inquiry has highlighted key industry dynamics. ¬∑ Changing consumer trends are causing a shift in store product mixes.",
                "source": "ibisworld.com"
              },
              {
                "text": "Australian Retail Outlook 2025 ‚Äî Retail sector trends and insights for 2025, including digital evolution, customer experience, sustainability and supply chain optimisation.",
                "source": "kpmg.com"
              }
            ],
            "signals": [
              {
                "text": "Client: Wicked Sister",
                "source": "brief"
              },
              {
                "text": "Brand: Wicked Sister",
                "source": "brief"
              },
              {
                "text": "Campaign objective: Drive two-pack purchases and capture opted-in dessert fans before the Wicked film release.",
                "source": "brief"
              },
              {
                "text": "Promotion type: INSTANT_WIN",
                "source": "brief"
              }
            ],
            "competitors": [
              {
                "text": "Brief competitor: Streets",
                "source": "brief"
              },
              {
                "text": "Rokeby Farms Chocolate Protein Smoothie 6 x 425ml ‚Äî Rokeby Farms Chocolate Protein Smoothie 6 x 425ml is a protein drink providing all 9 essential amino acids while providing sustained energy and fullness.",
                "source": "costco.com.au"
              },
              {
                "text": "Rokeby Farms ‚Äî All Rokeby Farms products are now available with Subscribe & Save ¬∑ Enjoy 5% off on every recurring order!",
                "source": "bulkeatswarehouse.com.au"
              },
              {
                "text": "Rokeby Nutrition ‚Äî Rokeby is a nutrition food company based in Melbourne. We make a range of award-winning dairy products to enjoy as part of a healthy lifestyle.",
                "source": "rokebynutrition.com"
              }
            ]
          },
          "dossier": {
            "brandTruths": [
              {
                "text": "Wicked Sister is leveraging the excitement of the upcoming 'Wicked: For Good' film by launching a limited-edition dessert pot range, aiming to drive consumer engagement through a movie-themed promotion.",
                "source": "insidefmcg.com.au"
              },
              {
                "text": "The brand's promotion offers an instant win mechanic, where purchasing two packs of Wicked Sister products gives consumers a chance to win movie tickets, effectively incentivizing multi-pack purchases.",
                "source": "wickedsisterwin.com.au"
              }
            ],
            "shopperTensions": [
              {
                "text": "Consumers are increasingly seeking convenience and indulgence, yet face cost-of-living pressures that may limit discretionary spending on premium desserts.",
                "source": "retail.org.au"
              },
              {
                "text": "While Wicked Sister positions itself as an everyday indulgence, the need to balance health-conscious choices with indulgence may create tension for health-aware consumers.",
                "source": "wickedsister.com.au"
              }
            ],
            "retailerReality": [
              {
                "text": "Coles and Woolworths dominate the retail landscape, with exclusive promotions like the Wicked Sister x Wicked campaign running through Woolworths, highlighting the retailer's clout in driving brand visibility.",
                "source": "coles.com.au"
              },
              {
                "text": "Freezer congestion in major supermarkets can limit shelf space for new product launches, making strategic partnerships with retailers crucial for visibility.",
                "source": "woolworths.com.au"
              }
            ],
            "competitorMoves": [
              {
                "text": "Rokeby Farms is expanding its product range with high-protein offerings, appealing to health-conscious consumers and potentially diverting attention from indulgent dessert options.",
                "source": "rokebynutrition.com"
              },
              {
                "text": "Competitors like Streets continue to maintain strong market presence, emphasizing the need for Wicked Sister to differentiate through unique promotions and partnerships.",
                "source": "brief"
              }
            ],
            "categorySignals": [
              {
                "text": "The frozen desserts market is projected to grow significantly, with a CAGR of approximately 5.4% from 2024 to 2034, indicating a robust opportunity for brands like Wicked Sister to capture market share.",
                "source": "globalinsightservices.com"
              },
              {
                "text": "The Australian ice cream market is expected to grow at a slower pace, with a 1.51% CAGR, suggesting that innovation and unique marketing strategies will be key to driving growth in the frozen dessert segment.",
                "source": "expertmarketresearch.com.au"
              }
            ],
            "benchmarks": []
          }
        },
        "benchmarks": {
          "cashback": {
            "sample": 0,
            "typicalAbs": null,
            "maxAbs": null,
            "typicalPct": null,
            "maxPct": null,
            "p25": null,
            "p75": null,
            "sources": []
          },
          "prizeCountsObserved": {
            "total": 0,
            "common": []
          },
          "recommendedHeroCount": 3,
          "positionVsMarket": "UNKNOWN"
        },
        "priorOpinion": "The spring movie launch for Wicked Sister offers a chance to disrupt the frozen dessert market with a magical twist. This moment aligns perfectly with the upcoming Wicked: For Good film, capturing both the enchantment of cinema and the indulgence of desserts. As the market is set to grow at a 7.77% CAGR, seizing this opportunity can establish Wicked Sister as a category leader (Source: imarcgroup.com). Today, the plan works because it taps into the shopper‚Äôs desire for immediate gratification and shared experiences. The instant win mechanic aligns with the brand‚Äôs playful tone, while the film tie-in adds a layer of thematic magic. Retailers like Coles and Woolworths are primed for promotions that increase basket size without burdening staff (Source: coles.com.au). The cultural timing, with the film‚Äôs release, ensures heightened consumer interest and engagement. To improve, convert single movie tickets to double passes. This change enhances perceived value and emotional engagement, capitalizing on the film‚Äôs shared magic theme. Implement a daily winner cadence to maintain excitement and urgency, using digital channels to announce winners. This approach respects operational constraints and maximizes consumer touchpoints. The Strategist‚Äôs insight shows that a shared reward aligns with the cultural moment, increasing the promotion‚Äôs appeal. Retailers will appreciate the streamlined operations. No additional staff lift is reqred, as the digital-first approach ensures seamless integration. The buy-two mechanic promises increased basket size, defending freezer space against competitors like Streets and Sara Lee. The plan fits within current operational realities, ensuring retailer buy-in and support. To tighten, focus solely on the double pass upgrade. This pragmatic tweak maintains breadth while doubling emotional engagement, without altering store operations. For a stretch, introduce a hero overlay with grand prizes like a lury cinema experience. Fund this from the existing prize budget, adding aspiration without compromising the broad appeal. This bolder move enhances the fame overlay, aligning with the Wicked IP. ‚ÄúWin a Double Pass Instantly‚Äù ‚ÄúPurchase two, upload receipt, and win instantly.‚Äù",
        "priorImprovement": null,
        "dealbreakers": [
          "Entry is genuinely onerous (mail-in or multi-proof at first step). This will suppress trial."
        ],
        "ideationHarness": null
      },
      "hookWhy": "Single ticket lacks emotional pull; double passes enhance shared experience.",
      "propositionHint": "Enhance shared experiences with double passes.",
      "runAgainMoves": [],
      "symbolism": [
        "Family movie nights",
        "Spring renewal",
        "Cinema magic"
      ],
      "trade": {
        "priority": "LOW",
        "table": []
      }
    },
    "synthesis": {
      "content": "**Verdict**: The Wicked Sister Spring Movie Launch campaign is poised to disrupt the frozen dessert market in Australia by aligning with the cultural phenomenon of 'Wicked: For Good'. However, to truly capture the hearts and wallets of primary grocery buyers, the promotion must evolve. The transition from single to double movie passes is essential, enhancing perceived value and aligning with the family-centric nature of the promotion. This strategic shift will not only maintain consumer interest but also address the cost-of-living pressures that weigh on discretionary spending. **Insights**: Spring in Australia heralds a time of renewal, and consumers are drawn to lighter, indulgent treats as the weather warms. The frozen dessert market is on an upward trajectory, with a projected growth rate of 5.4% from 2024 to 2034 (Source: globalinsightservices.com). Wicked Sister is well-positioned to capture this momentum with its movie-themed promotion, offering an experiential reward that differentiates it from competitors like Streets and Sara Lee. However, the current single ticket prize lacks the perceived value necessary to entice family-centric buyers, who are increasingly seeking convenience and indulgence amidst economic constraints (Source: retail.org.au). **Improvement Plan**: Transitioning to double passes is a strategic move that doubles the perceived value without increasing the prize budget. While the number of winners will decrease to approximately 1005, this shift enhances the shared experience and aligns with the promotion‚Äôs family-centric theme. The daily winner burst cadence, with 17.5 winners per day, will sustain engagement and encourage repeat purchases. This approach leverages existing digital infrastructure, requiring no additional resources or store labour, thus maintaining operational simplicity. The 'Golden Scoop' Ticket Hunt concept remains central to the campaign, combining the thrill of discovery with the allure of exclusive rewards. By inserting limited golden scoops in products, customers are enticed to purchase more for a chance to win movie tickets and gain co-ownership naming rights to special showtimes or characters in promotional materials. This creates a buzz and drives repeat purchases, while the naming rights add a personal touch, enhancing brand loyalty. **Retailer/Trade Case**: The promotion dovetails seamlessly with high-traffic retailers like Coles and Woolworths, ensuring broad accessibility and visibility without burdening store teams. The campaign leverages pre-existing promotional channels, maintaining brand visibility without encroaching on freezer space (Source: woolworths.com.au). This operational simplicity ensures that the campaign enhances foot traffic without added complexity, aligning with retailer realities and consumer expectations. **Tighten vs Stretch**: To tighten the campaign, we will communicate the double pass upgrade across all consumer touchpoints, reinforcing the enhanced value and driving participation. This pragmatic tweak ensures clarity and alignment with family-centric expectations. To stretch, we will introduce movie-themed digital engagement, such as cinema trivia, adding depth to the experiential hook and enriching consumer interaction. This bolder extension keeps the in-store reality grounded while elevating the campaign‚Äôs appeal. **Measurement**: The primary metric to monitor will be the redemption rate of double passes against the initial single ticket uptake. This will provide insight into consumer engagement and the effectiveness of the value proposition. ‚ÄúDouble Your Movie Magic‚Äù ‚ÄúEnjoy two movie tickets with your desserts.‚Äù",
      "raw": "**Verdict**: The Wicked Sister Spring Movie Launch campaign is poised to disrupt the frozen dessert market in Australia by aligning with the cultural phenomenon of 'Wicked: For Good'. However, to truly capture the hearts and wallets of primary grocery buyers, the promotion must evolve. The transition from single to double movie passes is essential, enhancing perceived value and aligning with the family-centric nature of the promotion. This strategic shift will not only maintain consumer interest but also address the cost-of-living pressures that weigh on discretionary spending. **Insights**: Spring in Australia heralds a time of renewal, and consumers are drawn to lighter, indulgent treats as the weather warms. The frozen dessert market is on an upward trajectory, with a projected growth rate of 5.4% from 2024 to 2034 (Source: globalinsightservices.com). Wicked Sister is well-positioned to capture this momentum with its movie-themed promotion, offering an experiential reward that differentiates it from competitors like Streets and Sara Lee. However, the current single ticket prize lacks the perceived value necessary to entice family-centric buyers, who are increasingly seeking convenience and indulgence amidst economic constraints (Source: retail.org.au). **Improvement Plan**: Transitioning to double passes is a strategic move that doubles the perceived value without increasing the prize budget. While the number of winners will decrease to approximately 1005, this shift enhances the shared experience and aligns with the promotion‚Äôs family-centric theme. The daily winner burst cadence, with 17.5 winners per day, will sustain engagement and encourage repeat purchases. This approach leverages existing digital infrastructure, requiring no additional resources or store labour, thus maintaining operational simplicity. The 'Golden Scoop' Ticket Hunt concept remains central to the campaign, combining the thrill of discovery with the allure of exclusive rewards. By inserting limited golden scoops in products, customers are enticed to purchase more for a chance to win movie tickets and gain co-ownership naming rights to special showtimes or characters in promotional materials. This creates a buzz and drives repeat purchases, while the naming rights add a personal touch, enhancing brand loyalty. **Retailer/Trade Case**: The promotion dovetails seamlessly with high-traffic retailers like Coles and Woolworths, ensuring broad accessibility and visibility without burdening store teams. The campaign leverages pre-existing promotional channels, maintaining brand visibility without encroaching on freezer space (Source: woolworths.com.au). This operational simplicity ensures that the campaign enhances foot traffic without added complexity, aligning with retailer realities and consumer expectations. **Tighten vs Stretch**: To tighten the campaign, we will communicate the double pass upgrade across all consumer touchpoints, reinforcing the enhanced value and driving participation. This pragmatic tweak ensures clarity and alignment with family-centric expectations. To stretch, we will introduce movie-themed digital engagement, such as cinema trivia, adding depth to the experiential hook and enriching consumer interaction. This bolder extension keeps the in-store reality grounded while elevating the campaign‚Äôs appeal. **Measurement**: The primary metric to monitor will be the redemption rate of double passes against the initial single ticket uptake. This will provide insight into consumer engagement and the effectiveness of the value proposition. ‚ÄúDouble Your Movie Magic‚Äù ‚ÄúEnjoy two movie tickets with your desserts.‚Äù",
      "sanitized": "**Verdict**: The Wicked Sister Spring Movie Launch campaign is poised to disrupt the frozen dessert market in Australia by aligning with the cultural phenomenon of 'Wicked: For Good'. However, to truly capture the hearts and wallets of primary grocery buyers, the promotion must evolve. The transition from single to double movie passes is essential, enhancing perceived value and aligning with the family-centric nature of the promotion. This strategic shift will not only maintain consumer interest but also address the cost-of-living pressures that weigh on discretionary spending. **Insights**: Spring in Australia heralds a time of renewal, and consumers are drawn to lighter, indulgent treats as the weather warms. The frozen dessert market is on an upward trajectory, with a projected growth rate of 5.4% from 2024 to 2034 (Source: globalinsightservices.com). Wicked Sister is well-positioned to capture this momentum with its movie-themed promotion, offering an experiential reward that differentiates it from competitors like Streets and Sara Lee. However, the current single ticket prize lacks the perceived value necessary to entice family-centric buyers, who are increasingly seeking convenience and indulgence amidst economic constraints (Source: retail.org.au). **Improvement Plan**: Transitioning to double passes is a strategic move that doubles the perceived value without increasing the prize budget. While the number of winners will decrease to approximately 1005, this shift enhances the shared experience and aligns with the promotion‚Äôs family-centric theme. The daily winner burst cadence, with 17.5 winners per day, will sustain engagement and encourage repeat purchases. This approach leverages existing digital infrastructure, requiring no additional resources or store labour, thus maintaining operational simplicity. The 'Golden Scoop' Ticket Hunt concept remains central to the campaign, combining the thrill of discovery with the allure of exclusive rewards. By inserting limited golden scoops in products, customers are enticed to purchase more for a chance to win movie tickets and gain co-ownership naming rights to special showtimes or characters in promotional materials. This creates a buzz and drives repeat purchases, while the naming rights add a personal touch, enhancing brand loyalty. **Retailer/Trade Case**: The promotion dovetails seamlessly with high-traffic retailers like Coles and Woolworths, ensuring broad accessibility and visibility without burdening store teams. The campaign leverages pre-existing promotional channels, maintaining brand visibility without encroaching on freezer space (Source: woolworths.com.au). This operational simplicity ensures that the campaign enhances foot traffic without added complexity, aligning with retailer realities and consumer expectations. **Tighten vs Stretch**: To tighten the campaign, we will communicate the double pass upgrade across all consumer touchpoints, reinforcing the enhanced value and driving participation. This pragmatic tweak ensures clarity and alignment with family-centric expectations. To stretch, we will introduce movie-themed digital engagement, such as cinema trivia, adding depth to the experiential hook and enriching consumer interaction. This bolder extension keeps the in-store reality grounded while elevating the campaign‚Äôs appeal. **Measurement**: The primary metric to monitor will be the redemption rate of double passes against the initial single ticket uptake. This will provide insight into consumer engagement and the effectiveness of the value proposition. ‚ÄúDouble Your Movie Magic‚Äù ‚ÄúEnjoy two movie tickets with your desserts.‚Äù",
      "meta": null,
      "params": null
    },
    "ideas": {
      "content": "<!-- UI:controls={\"kind\":\"intensity\",\"current\":\"DISRUPTIVE\",\"options\":[\"CONSERVATIVE\",\"DISRUPTIVE\",\"OUTRAGEOUS\"],\"mode\":\"GREENFIELD\",\"count\":7} -->\n### Wicked Wonderland ‚Äî Explore the Unseen World of Frozen Delights\n\nHook: Unlock the magic.\nAlt hook: Dive into wonderland.\nBrand lens: Wicked Sister disrupts desserts. Prices rise; indulgence needs a reason.\nPlatform idea: Enter a world where desserts unlock wonder. Each purchase reveals hidden realms and magical experiences.\nSignature activation moment: Secret map under the lid.\nCore mechanic: Scan your lid, discover wonders.\nValue exchange: None.\nPrize / Value architecture:\n‚Ä¢ Hero prize ‚Äî Tasmania Adventure: 3 days with a local explorer. Includes caves, hikes, picnic. Keepsake: Adventure journal.\n‚Ä¢ Runner-up prizes ‚Äî Dessert class with chef, custom toolkit.\n‚Ä¢ Instant wins ‚Äî Enchanted scooper, magical bowl.\nHook‚ÄìPrize lock: Discover hidden worlds, unlock adventures.\nBrand-fit rationale: Aligns with Wicked Sister's rebellious spirit, turning indulgence into a journey.\nRetail scene: \"Scan to unlock secrets.\"\nFrequency loop: Daily wins, weekly reveals.\nFulfilment note: Fulfilment via QR and form.\nCompliance: Prize value and terms must meet local laws.\nWhy it is right now: Offers escapism amidst financial strain.\nSeasonal variant: Summer ‚Äî Explore hidden beaches.\n\n### Dessert Duel ‚Äî Battle of the Tastes\n\nHook: Vote for the champion!\nAlt hook: Pit desserts head-to-head.\nBrand lens: Wicked Sister challenges norms with bold flavors. Consumers are selective; let's involve them.\nPlatform idea: Turn dessert time into a showdown. Each vote could win exclusive prizes.\nSignature activation moment: Cast your vote.\nCore mechanic: Vote, win instantly.\nValue exchange: None.\nPrize / Value architecture:\n‚Ä¢ Hero prize ‚Äî Melbourne Weekend: 2 days with a pastry chef. Tasting tour, masterclass, dinner. Keepsake: Dessert spoon set.\n‚Ä¢ Runner-up prizes ‚Äî Recipe book, VIP kit.\n‚Ä¢ Instant wins ‚Äî Tasting spoon, gourmet topping.\nHook‚ÄìPrize lock: Your vote shapes the menu, wins luxury.\nBrand-fit rationale: Engages playfully, highlights unique flavors.\nRetail scene: \"Vote for your favorite!\"\nFrequency loop: Daily wins, weekly results.\nFulfilment note: Fulfilment via online vote.\nCompliance: Voting and prizes must comply with laws.\nWhy it is right now: Empowers consumers, fosters loyalty.\nSeasonal variant: Winter ‚Äî Hot dessert showdown.\n\n### Flavor Odyssey ‚Äî Chart New Dessert Territories\n\nHook: Embark on a journey.\nAlt hook: Discover new lands.\nBrand lens: Wicked Sister disrupts with bold flavors. Amidst inflation, offer value through exploration.\nPlatform idea: Turn desserts into voyages. Each purchase charts new territories, unveiling exclusive experiences.\nSignature activation moment: Map a new flavor.\nCore mechanic: Map, win adventure.\nValue exchange: None.\nPrize / Value architecture:\n‚Ä¢ Hero prize ‚Äî Blue Mountains Expedition: 4 days with a gourmet expert. Foraging, cooking, dining. Keepsake: Chef's knife.\n‚Ä¢ Runner-up prizes ‚Äî Foraging kit, tasting session.\n‚Ä¢ Instant wins ‚Äî Explorer's badge, ingredient pack.\nHook‚ÄìPrize lock: Navigate your journey, win adventures.\nBrand-fit rationale: Captures adventurous spirit, offers value through discovery.\nRetail scene: \"Map a flavor, win an adventure.\"\nFrequency loop: Daily wins, weekly discoveries.\nFulfilment note: Fulfilment via QR and form.\nCompliance: Ensure prize value and terms meet local laws.\n\n---\n\n_Debug: intensity=DISRUPTIVE | gates: TRIGGERS_ALLOWED=1 ‚Ä¢ CASHBACK_MAX=1 | novelty: tainted=false | research.benchmarks: {\"seasonLabel\":\"Spring in Australia\",\"retailerNames\":[\"Coles\",\"Woolworths\",\"ALDI\",\"IGA\",\"7-Eleven\",\"IGA / Metcash\",\"Convenience chains (7-Eleven, NightOwl)\"],\"prizeHeroMedian\":16.5,\"prizeHeroMode\":2,\"cadenceShare\":{\"instant\":0.4615384615384616,\"weekly\":0.1538461538461539,\"daily\":0.3846153846153846},\"manyWinnersShare\":0,\"cashbackAbs\":null} | offerIQ: {\"mode\":\"PRIZE\",\"verdict\":\"REVIEW\",\"confidence\":0.45,\"valueAmount\":null,\"headlineMax\":null,\"asks\":[\"Provide expected buyers/entries (range).\"]}\n\n---\n\n_Judge note: The 'Wicked Wonderland ‚Äî Explore the Unseen World of Frozen Delights' campaign scores highest due to its strong alignment with Wicked Sister's brand identity, offering a narrative-driven experience that turns dessert indulgence into an adventurous journey. It effectively combines brand-first originality with a disruptive, engaging platform that requires minimal retailer involvement. The daily instant wins and weekly prize reveals ensure high frequency and engagement, while the unique Tasmania Wilderness Adventure prize aligns well with the brand's adventurous spirit. The campaign avoids banned motifs and maintains a clear, cohesive theme throughout, making it the most compelling choice for the Spring Movie Launch._",
      "raw": "<!-- UI:controls={\"kind\":\"intensity\",\"current\":\"DISRUPTIVE\",\"options\":[\"CONSERVATIVE\",\"DISRUPTIVE\",\"OUTRAGEOUS\"],\"mode\":\"GREENFIELD\",\"count\":7} -->\n### Wicked Wonderland ‚Äî Explore the Unseen World of Frozen Delights\n\nHook: Unlock the magic.\nAlt hook: Dive into wonderland.\nBrand lens: Wicked Sister disrupts desserts. Prices rise; indulgence needs a reason.\nPlatform idea: Enter a world where desserts unlock wonder. Each purchase reveals hidden realms and magical experiences.\nSignature activation moment: Secret map under the lid.\nCore mechanic: Scan your lid, discover wonders.\nValue exchange: None.\nPrize / Value architecture:\n‚Ä¢ Hero prize ‚Äî Tasmania Adventure: 3 days with a local explorer. Includes caves, hikes, picnic. Keepsake: Adventure journal.\n‚Ä¢ Runner-up prizes ‚Äî Dessert class with chef, custom toolkit.\n‚Ä¢ Instant wins ‚Äî Enchanted scooper, magical bowl.\nHook‚ÄìPrize lock: Discover hidden worlds, unlock adventures.\nBrand-fit rationale: Aligns with Wicked Sister's rebellious spirit, turning indulgence into a journey.\nRetail scene: \"Scan to unlock secrets.\"\nFrequency loop: Daily wins, weekly reveals.\nFulfilment note: Fulfilment via QR and form.\nCompliance: Prize value and terms must meet local laws.\nWhy it is right now: Offers escapism amidst financial strain.\nSeasonal variant: Summer ‚Äî Explore hidden beaches.\n\n### Dessert Duel ‚Äî Battle of the Tastes\n\nHook: Vote for the champion!\nAlt hook: Pit desserts head-to-head.\nBrand lens: Wicked Sister challenges norms with bold flavors. Consumers are selective; let's involve them.\nPlatform idea: Turn dessert time into a showdown. Each vote could win exclusive prizes.\nSignature activation moment: Cast your vote.\nCore mechanic: Vote, win instantly.\nValue exchange: None.\nPrize / Value architecture:\n‚Ä¢ Hero prize ‚Äî Melbourne Weekend: 2 days with a pastry chef. Tasting tour, masterclass, dinner. Keepsake: Dessert spoon set.\n‚Ä¢ Runner-up prizes ‚Äî Recipe book, VIP kit.\n‚Ä¢ Instant wins ‚Äî Tasting spoon, gourmet topping.\nHook‚ÄìPrize lock: Your vote shapes the menu, wins luxury.\nBrand-fit rationale: Engages playfully, highlights unique flavors.\nRetail scene: \"Vote for your favorite!\"\nFrequency loop: Daily wins, weekly results.\nFulfilment note: Fulfilment via online vote.\nCompliance: Voting and prizes must comply with laws.\nWhy it is right now: Empowers consumers, fosters loyalty.\nSeasonal variant: Winter ‚Äî Hot dessert showdown.\n\n### Flavor Odyssey ‚Äî Chart New Dessert Territories\n\nHook: Embark on a journey.\nAlt hook: Discover new lands.\nBrand lens: Wicked Sister disrupts with bold flavors. Amidst inflation, offer value through exploration.\nPlatform idea: Turn desserts into voyages. Each purchase charts new territories, unveiling exclusive experiences.\nSignature activation moment: Map a new flavor.\nCore mechanic: Map, win adventure.\nValue exchange: None.\nPrize / Value architecture:\n‚Ä¢ Hero prize ‚Äî Blue Mountains Expedition: 4 days with a gourmet expert. Foraging, cooking, dining. Keepsake: Chef's knife.\n‚Ä¢ Runner-up prizes ‚Äî Foraging kit, tasting session.\n‚Ä¢ Instant wins ‚Äî Explorer's badge, ingredient pack.\nHook‚ÄìPrize lock: Navigate your journey, win adventures.\nBrand-fit rationale: Captures adventurous spirit, offers value through discovery.\nRetail scene: \"Map a flavor, win an adventure.\"\nFrequency loop: Daily wins, weekly discoveries.\nFulfilment note: Fulfilment via QR and form.\nCompliance: Ensure prize value and terms meet local laws.\n\n---\n\n_Debug: intensity=DISRUPTIVE | gates: TRIGGERS_ALLOWED=1 ‚Ä¢ CASHBACK_MAX=1 | novelty: tainted=false | research.benchmarks: {\"seasonLabel\":\"Spring in Australia\",\"retailerNames\":[\"Coles\",\"Woolworths\",\"ALDI\",\"IGA\",\"7-Eleven\",\"IGA / Metcash\",\"Convenience chains (7-Eleven, NightOwl)\"],\"prizeHeroMedian\":16.5,\"prizeHeroMode\":2,\"cadenceShare\":{\"instant\":0.4615384615384616,\"weekly\":0.1538461538461539,\"daily\":0.3846153846153846},\"manyWinnersShare\":0,\"cashbackAbs\":null} | offerIQ: {\"mode\":\"PRIZE\",\"verdict\":\"REVIEW\",\"confidence\":0.45,\"valueAmount\":null,\"headlineMax\":null,\"asks\":[\"Provide expected buyers/entries (range).\"]}\n\n---\n\n_Judge note: The 'Wicked Wonderland ‚Äî Explore the Unseen World of Frozen Delights' campaign scores highest due to its strong alignment with Wicked Sister's brand identity, offering a narrative-driven experience that turns dessert indulgence into an adventurous journey. It effectively combines brand-first originality with a disruptive, engaging platform that requires minimal retailer involvement. The daily instant wins and weekly prize reveals ensure high frequency and engagement, while the unique Tasmania Wilderness Adventure prize aligns well with the brand's adventurous spirit. The campaign avoids banned motifs and maintains a clear, cohesive theme throughout, making it the most compelling choice for the Spring Movie Launch._",
      "sanitized": "<!-- UI:controls={\"kind\":\"intensity\",\"current\":\"DISRUPTIVE\",\"options\":[\"CONSERVATIVE\",\"DISRUPTIVE\",\"OUTRAGEOUS\"],\"mode\":\"GREENFIELD\",\"count\":7} -->\n### Wicked Wonderland ‚Äî Explore the Unseen World of Frozen Delights Hook: Unlock the magic.\nAlt hook: Dive into wonderland.\nBrand lens: Wicked Sister disrupts desserts. Prices rise; indulgence needs a reason.\nPlatform idea: Enter a world where desserts unlock wonder. Each purchase reveals hidden realms and magical experiences.\nSignature activation moment: Secret map under the lid.\nCore mechanic: Scan your lid, discover wonders.\nValue exchange: None.\nPrize / Value architecture:\n‚Ä¢ Hero prize ‚Äî Tasmania Adventure: 3 days with a local explorer. Includes caves, hikes, picnic. Keepsake: Adventure journal.\n‚Ä¢ Runner-up prizes ‚Äî Dessert class with chef, custom toolkit.\n‚Ä¢ Instant wins ‚Äî Enchanted scooper, magical bowl.\nHook‚ÄìPrize lock: Discover hidden worlds, unlock adventures.\nBrand-fit rationale: Aligns with Wicked Sister's rebellious spirit, turning indulgence into a journey.\nRetail scene: \"Scan to unlock secrets.\"\nFrequency loop: Daily wins, weekly reveals.\nFulfilment note: Fulfilment via QR and form.\nCompliance: Prize value and terms must meet local laws.\nWhy it is right now: Offers escapism amidst financial strain.\nSeasonal variant: Summer ‚Äî Explore hidden beaches. ### Dessert Duel ‚Äî Battle of the Tastes Hook: Vote for the champion!\nAlt hook: Pit desserts head-to-head.\nBrand lens: Wicked Sister challenges norms with bold flavors. Consumers are selective; let's involve them.\nPlatform idea: Turn dessert time into a showdown. Each vote could win exclusive prizes.\nSignature activation moment: Cast your vote.\nCore mechanic: Vote, win instantly.\nValue exchange: None.\nPrize / Value architecture:\n‚Ä¢ Hero prize ‚Äî Melbourne Weekend: 2 days with a pastry chef. Tasting tour, masterclass, dinner. Keepsake: Dessert spoon set.\n‚Ä¢ Runner-up prizes ‚Äî Recipe book, VIP kit.\n‚Ä¢ Instant wins ‚Äî Tasting spoon, gourmet topping.\nHook‚ÄìPrize lock: Your vote shapes the menu, wins luxury.\nBrand-fit rationale: Engages playfully, highlights unique flavors.\nRetail scene: \"Vote for your favorite!\"\nFrequency loop: Daily wins, weekly results.\nFulfilment note: Fulfilment via online vote.\nCompliance: Voting and prizes must comply with laws.\nWhy it is right now: Empowers consumers, fosters loyalty.\nSeasonal variant: Winter ‚Äî Hot dessert showdown. ### Flavor Odyssey ‚Äî Chart New Dessert Territories Hook: Embark on a journey.\nAlt hook: Discover new lands.\nBrand lens: Wicked Sister disrupts with bold flavors. Amidst inflation, offer value through exploration.\nPlatform idea: Turn desserts into voyages. Each purchase charts new territories, unveiling exclusive experiences.\nSignature activation moment: Map a new flavor.\nCore mechanic: Map, win adventure.\nValue exchange: None.\nPrize / Value architecture:\n‚Ä¢ Hero prize ‚Äî Blue Mountains Expedition: 4 days with a gourmet expert. Foraging, cooking, dining. Keepsake: Chef's knife.\n‚Ä¢ Runner-up prizes ‚Äî Foraging kit, tasting session.\n‚Ä¢ Instant wins ‚Äî Explorer's badge, ingredient pack.\nHook‚ÄìPrize lock: Navigate your journey, win adventures.\nBrand-fit rationale: Captures adventurous spirit, offers value through discovery.\nRetail scene: \"Map a flavor, win an adventure.\"\nFrequency loop: Daily wins, weekly discoveries.\nFulfilment note: Fulfilment via QR and form.\nCompliance: Ensure prize value and terms meet local laws. --- _Debug: intensity=DISRUPTIVE | gates: TRIGGERS_ALLOWED=1 ‚Ä¢ CASHBACK_MAX=1 | novelty: tainted=false | research.benchmarks: {\"seasonLabel\":\"Spring in Australia\",\"retailerNames\":[\"Coles\",\"Woolworths\",\"ALDI\",\"IGA\",\"7-Eleven\",\"IGA / Metcash\",\"Convenience chains (7-Eleven, NightOwl)\"],\"prizeHeroMedian\":16.5,\"prizeHeroMode\":2,\"cadenceShare\":{\"instant\":0.4615384615384616,\"weekly\":0.1538461538461539,\"daily\":0.3846153846153846},\"manyWinnersShare\":0,\"cashbackAbs\":null} | offerIQ: {\"mode\":\"PRIZE\",\"verdict\":\"REVIEW\",\"confidence\":0.45,\"valueAmount\":null,\"headlineMax\":null,\"asks\":[\"Provide expected buyers/entries (range).\"]} --- _Judge note: The 'Wicked Wonderland ‚Äî Explore the Unseen World of Frozen Delights' campaign scores highest due to its strong alignment with Wicked Sister's brand identity, offering a narrative-driven experience that turns dessert indulgence into an adventurous journey. It effectively combines brand-first originality with a disruptive, engaging platform that requires minimal retailer involvement. The daily instant wins and weekly prize reveals ensure high frequency and engagement, while the unique Tasmania Wilderness Adventure prize aligns well with the brand's adventurous spirit. The campaign avoids banned motifs and maintains a clear, cohesive theme throughout, making it the most compelling choice for the Spring Movie Launch._",
      "meta": null,
      "params": {
        "count": 7,
        "intensity": "DISRUPTIVE",
        "mode": "GREENFIELD",
        "ruleFlex": "KEEP",
        "tipFraming": true
      },
      "parsed": [
        {
          "name": "<!-- UI:controls={\"kind\":\"intensity\",\"current\":\"DISRUPTIVE\",\"options\":[\"CONSERVATIVE\",\"DISRUPTIVE\",\"OUTRAGEOUS\"],\"mode\":\"GREENFIELD\",\"count\":7} -->"
        },
        {
          "name": "Wicked Wonderland",
          "hook": "Unlock the magic.",
          "altHook": "Dive into wonderland.",
          "brandLens": "Wicked Sister disrupts desserts. Prices rise; indulgence needs a reason.",
          "platformIdea": "Enter a world where desserts unlock wonder. Each purchase reveals hidden realms and magical experiences.",
          "signatureMoment": "Secret map under the lid.",
          "mechanic": "Scan your lid, discover wonders.",
          "valueExchange": "None.",
          "prizeArch": "‚Ä¢ Hero prize ‚Äî Tasmania Adventure: 3 days with a local explorer. Includes caves, hikes, picnic. Keepsake: Adventure journal.",
          "freqLoop": "Daily wins, weekly reveals.",
          "compliance": "Prize value and terms must meet local laws.",
          "seasonal": "Summer ‚Äî Explore hidden beaches."
        },
        {
          "name": "Dessert Duel",
          "hook": "Vote for the champion!",
          "altHook": "Pit desserts head-to-head.",
          "brandLens": "Wicked Sister challenges norms with bold flavors. Consumers are selective; let's involve them.",
          "platformIdea": "Turn dessert time into a showdown. Each vote could win exclusive prizes.",
          "signatureMoment": "Cast your vote.",
          "mechanic": "Vote, win instantly.",
          "valueExchange": "None.",
          "prizeArch": "‚Ä¢ Hero prize ‚Äî Melbourne Weekend: 2 days with a pastry chef. Tasting tour, masterclass, dinner. Keepsake: Dessert spoon set.",
          "freqLoop": "Daily wins, weekly results.",
          "compliance": "Voting and prizes must comply with laws.",
          "seasonal": "Winter ‚Äî Hot dessert showdown."
        },
        {
          "name": "Flavor Odyssey",
          "hook": "Embark on a journey.",
          "altHook": "Discover new lands.",
          "brandLens": "Wicked Sister disrupts with bold flavors. Amidst inflation, offer value through exploration.",
          "platformIdea": "Turn desserts into voyages. Each purchase charts new territories, unveiling exclusive experiences.",
          "signatureMoment": "Map a new flavor.",
          "mechanic": "Map, win adventure.",
          "valueExchange": "None.",
          "prizeArch": "‚Ä¢ Hero prize ‚Äî Blue Mountains Expedition: 4 days with a gourmet expert. Foraging, cooking, dining. Keepsake: Chef's knife.",
          "freqLoop": "Daily wins, weekly discoveries.",
          "compliance": "Ensure prize value and terms meet local laws."
        }
      ],
      "champion": null,
      "hooksTop": []
    },
    "opinion": {
      "content": "Wicked Sister stands poised at the confluence of indulgence and experience, ready to ignite the market with its Spring Movie Launch. This moment matters because it aligns with the cultural moment of 'Wicked: For Good,' inviting families to indulge in shared cinematic adventures. As the frozen dessert market blossoms with a 5.4% growth rate, Wicked Sister‚Äôs promotion captures the moment of renewal and shared delight, offering a unique proposition that disrupts the everyday indulgence category. Today, the brand truth marries shopper tension and retailer reality with cultural timing. Consumers crave indulgence yet face cost-of-living strains; a double movie pass speaks to this tension, offering value that resonates with family-centric buyers. Retailers like Coles and Woolworths provide the perfect stage for this promotion, ensuring broad accessibility and visibility. The instant win mechanic dovetails with the seasonal demand for lighter, indulgent treats, making it an irresistible offer (Source: retail.org.au). Improving this plan involves transforming single movie tickets into double passes, ensuring perceived value meets family expectations. Strategist insights show that halving the winner count to 1005 enhances shared experiences, aligning with our KPI of driving two-pack purchases. A daily winner burst cadence will maintain engagement, creating urgency and excitement. The communication strategy will reinforce the upgrade, leveraging existing channels to ensure clarity and buzz (Source: insidefmcg.com.au). For retailers, the promotion fits seamlessly into existing frameworks, reqring no additional staff lift or in-store adjudication. Display asks remain minimal, relying on pre-packed POS materials that maintain brand visibility without encroaching on freezer space. This operational simplicity ensures that the campaign enhances foot traffic without added complexity (Source: woolworths.com.au). To tighten, we will communicate the double pass upgrade across all consumer touchpoints, enhancing perceived value and driving participation. This pragmatic tweak ensures clarity and alignment with family-centric expectations. To stretch, we will introduce movie-themed digital engagement, such as cinema trivia, adding depth to the experiential hook and enriching consumer interaction. This bolder extension keeps the in-store reality grounded while elevating the campaign‚Äôs appeal. ‚ÄúDouble Your Movie Magic‚Äù ‚ÄúEnjoy two movie tickets with your desserts.‚Äù\n\nTo improve it, publish the fact there are 2,010 winners so the breadth feels real. retune the hook to ‚ÄúDouble the Movie Magic‚Äù so it sounds like Wicked Sister, not a generic instant win.",
      "raw": "Wicked Sister stands poised at the confluence of indulgence and experience, ready to ignite the market with its Spring Movie Launch. This moment matters because it aligns with the cultural moment of 'Wicked: For Good,' inviting families to indulge in shared cinematic adventures. As the frozen dessert market blossoms with a 5.4% growth rate, Wicked Sister‚Äôs promotion captures the moment of renewal and shared delight, offering a unique proposition that disrupts the everyday indulgence category. Today, the brand truth marries shopper tension and retailer reality with cultural timing. Consumers crave indulgence yet face cost-of-living strains; a double movie pass speaks to this tension, offering value that resonates with family-centric buyers. Retailers like Coles and Woolworths provide the perfect stage for this promotion, ensuring broad accessibility and visibility. The instant win mechanic dovetails with the seasonal demand for lighter, indulgent treats, making it an irresistible offer (Source: retail.org.au). Improving this plan involves transforming single movie tickets into double passes, ensuring perceived value meets family expectations. Strategist insights show that halving the winner count to 1005 enhances shared experiences, aligning with our KPI of driving two-pack purchases. A daily winner burst cadence will maintain engagement, creating urgency and excitement. The communication strategy will reinforce the upgrade, leveraging existing channels to ensure clarity and buzz (Source: insidefmcg.com.au). For retailers, the promotion fits seamlessly into existing frameworks, reqring no additional staff lift or in-store adjudication. Display asks remain minimal, relying on pre-packed POS materials that maintain brand visibility without encroaching on freezer space. This operational simplicity ensures that the campaign enhances foot traffic without added complexity (Source: woolworths.com.au). To tighten, we will communicate the double pass upgrade across all consumer touchpoints, enhancing perceived value and driving participation. This pragmatic tweak ensures clarity and alignment with family-centric expectations. To stretch, we will introduce movie-themed digital engagement, such as cinema trivia, adding depth to the experiential hook and enriching consumer interaction. This bolder extension keeps the in-store reality grounded while elevating the campaign‚Äôs appeal. ‚ÄúDouble Your Movie Magic‚Äù ‚ÄúEnjoy two movie tickets with your desserts.‚Äù\n\nTo improve it, publish the fact there are 2,010 winners so the breadth feels real. retune the hook to ‚ÄúDouble the Movie Magic‚Äù so it sounds like Wicked Sister, not a generic instant win.",
      "sanitized": "Wicked Sister stands poised at the confluence of indulgence and experience, ready to ignite the market with its Spring Movie Launch. This moment matters because it aligns with the cultural moment of 'Wicked: For Good,' inviting families to indulge in shared cinematic adventures. As the frozen dessert market blossoms with a 5.4% growth rate, Wicked Sister‚Äôs promotion captures the moment of renewal and shared delight, offering a unique proposition that disrupts the everyday indulgence category. Today, the brand truth marries shopper tension and retailer reality with cultural timing. Consumers crave indulgence yet face cost-of-living strains; a double movie pass speaks to this tension, offering value that resonates with family-centric buyers. Retailers like Coles and Woolworths provide the perfect stage for this promotion, ensuring broad accessibility and visibility. The instant win mechanic dovetails with the seasonal demand for lighter, indulgent treats, making it an irresistible offer (Source: retail.org.au). Improving this plan involves transforming single movie tickets into double passes, ensuring perceived value meets family expectations. Strategist insights show that halving the winner count to 1005 enhances shared experiences, aligning with our KPI of driving two-pack purchases. A daily winner burst cadence will maintain engagement, creating urgency and excitement. The communication strategy will reinforce the upgrade, leveraging existing channels to ensure clarity and buzz (Source: insidefmcg.com.au). For retailers, the promotion fits seamlessly into existing frameworks, requiring no additional staff lift or in-store adjudication. Display asks remain minimal, relying on pre-packed POS materials that maintain brand visibility without encroaching on freezer space. This operational simplicity ensures that the campaign enhances foot traffic without added complexity (Source: woolworths.com.au). To tighten, we will communicate the double pass upgrade across all consumer touchpoints, enhancing perceived value and driving participation. This pragmatic tweak ensures clarity and alignment with family-centric expectations. To stretch, we will introduce movie-themed digital engagement, such as cinema trivia, adding depth to the experiential hook and enriching consumer interaction. This bolder extension keeps the in-store reality grounded while elevating the campaign‚Äôs appeal. ‚ÄúDouble Your Movie Magic‚Äù ‚ÄúEnjoy two movie tickets with your desserts.‚Äù To improve it, publish the fact there are 2,010 winners so the breadth feels real. retune the hook to ‚ÄúDouble the Movie Magic‚Äù so it sounds like Wicked Sister, not a generic instant win.",
      "meta": {
        "kind": "opinion.v1",
        "stance": "DECISIVE",
        "calls": {
          "go": [
            "Convert single tickets to double passes for shared family experiences."
          ],
          "no_go": [
            "Single movie ticket lacks perceived value for family-centric promotion."
          ]
        },
        "risks": [
          "Perceived value may not meet family expectations."
        ],
        "retailer_incentives": [
          "Increased foot traffic with double pass offer."
        ],
        "hook_alternatives": [
          "Double the Movie Magic",
          "Two Desserts. Two Tickets.",
          "Movie Night for Two.",
          "Cinema Nights, Doubled Delight."
        ],
        "offerIQ": {
          "score": 4.8,
          "verdict": "REVIEW",
          "confidence": 0.5,
          "lenses": {
            "adequacy": {
              "score": 4.5,
              "why": "Expected buyers/entries not provided; adequacy judged via cadence and visibility.",
              "fix": "Add: expected buyers/entries and total winners, or show ‚ÄúTotal winners‚Äù and cadence in communications."
            },
            "simplicity": {
              "score": 6.5,
              "why": "Some admin implied (fields/proof or wait time).",
              "fix": "Keep claim one-screen; limit fields; good OCR; publish timelines."
            },
            "certainty": {
              "score": 3.7,
              "why": "Perceived odds unclear; cadence thin.",
              "fix": "Show cadence and ‚ÄúTotal winners‚Äù; avoid fine print that hides odds."
            },
            "salience": {
              "score": 4,
              "why": "Needs a visible moment or total-winners headline.",
              "fix": "Publish ‚ÄúTotal winners‚Äù and name the cadence; add a bold moment line."
            },
            "talkability": {
              "score": 5,
              "why": "Seasonal hook helps.",
              "fix": "Add a brand-right experiential or symbolic angle."
            },
            "retailerFit": {
              "score": 6,
              "why": "Ensure any adjudication is central; ship pre-packed POS.",
              "fix": "Keep staff script ‚â§5s; no in-store adjudication."
            },
            "brandFit": {
              "score": 5,
              "why": "Feels generic; weak brand lock.",
              "fix": "Lock line and visuals to distinctive assets and the brand‚Äôs functional truth."
            }
          },
          "hardFlags": [],
          "recommendations": [
            "Add: expected buyers/entries and total winners, or show ‚ÄúTotal winners‚Äù and cadence in communications.",
            "Keep claim one-screen; limit fields; good OCR; publish timelines.",
            "Publish ‚ÄúTotal winners‚Äù and name the cadence; add a bold moment line.",
            "Publish ‚ÄúTotal winners‚Äù and show cadence prominently.",
            "Add visible cadence (instant or weekly) to match in-market fairness signals."
          ],
          "asks": [
            "Provide expected buyers/entries (range)."
          ],
          "mode": "PRIZE",
          "diagnostics": {
            "valueAmount": 0,
            "aspAnchor": 100,
            "expectedBuyers": null,
            "totalWinners": 2010,
            "coverageRate": null,
            "cadenceSignals": false,
            "symbolicSignals": false,
            "headlineMax": 0,
            "banded": false,
            "overlay": false,
            "overlayExperiential": false,
            "overlayLabel": "",
            "researchBenchmarks": {
              "heroPrize": {
                "median": 35.5,
                "mode": 1
              },
              "cadenceShare": {
                "instant": 0.3529411764705883,
                "weekly": 0.2352941176470588,
                "daily": 0.4117647058823529
              },
              "manyWinnersShare": 0,
              "prizeCountsObserved": {
                "total": 10,
                "common": [
                  {
                    "count": 1,
                    "share": 0.2
                  },
                  {
                    "count": 150,
                    "share": 0.2
                  },
                  {
                    "count": 3,
                    "share": 0.1
                  }
                ]
              },
              "recommendedHeroCount": 3,
              "positionVsMarket": "UNKNOWN"
            },
            "cashbackVsMarket": "UNKNOWN",
            "heroVsMarket": "UNKNOWN"
          }
        }
      },
      "params": {
        "kind": "opinion.v1",
        "codeVersion": "v1-opinion-au",
        "meta": {
          "kind": "opinion.v1",
          "stance": "DECISIVE",
          "calls": {
            "go": [
              "Convert single tickets to double passes for shared family experiences."
            ],
            "no_go": [
              "Single movie ticket lacks perceived value for family-centric promotion."
            ]
          },
          "risks": [
            "Perceived value may not meet family expectations."
          ],
          "retailer_incentives": [
            "Increased foot traffic with double pass offer."
          ],
          "hook_alternatives": [
            "Double the Movie Magic",
            "Two Desserts. Two Tickets.",
            "Movie Night for Two.",
            "Cinema Nights, Doubled Delight."
          ],
          "offerIQ": {
            "score": 4.8,
            "verdict": "REVIEW",
            "confidence": 0.5,
            "lenses": {
              "adequacy": {
                "score": 4.5,
                "why": "Expected buyers/entries not provided; adequacy judged via cadence and visibility.",
                "fix": "Add: expected buyers/entries and total winners, or show ‚ÄúTotal winners‚Äù and cadence in communications."
              },
              "simplicity": {
                "score": 6.5,
                "why": "Some admin implied (fields/proof or wait time).",
                "fix": "Keep claim one-screen; limit fields; good OCR; publish timelines."
              },
              "certainty": {
                "score": 3.7,
                "why": "Perceived odds unclear; cadence thin.",
                "fix": "Show cadence and ‚ÄúTotal winners‚Äù; avoid fine print that hides odds."
              },
              "salience": {
                "score": 4,
                "why": "Needs a visible moment or total-winners headline.",
                "fix": "Publish ‚ÄúTotal winners‚Äù and name the cadence; add a bold moment line."
              },
              "talkability": {
                "score": 5,
                "why": "Seasonal hook helps.",
                "fix": "Add a brand-right experiential or symbolic angle."
              },
              "retailerFit": {
                "score": 6,
                "why": "Ensure any adjudication is central; ship pre-packed POS.",
                "fix": "Keep staff script ‚â§5s; no in-store adjudication."
              },
              "brandFit": {
                "score": 5,
                "why": "Feels generic; weak brand lock.",
                "fix": "Lock line and visuals to distinctive assets and the brand‚Äôs functional truth."
              }
            },
            "hardFlags": [],
            "recommendations": [
              "Add: expected buyers/entries and total winners, or show ‚ÄúTotal winners‚Äù and cadence in communications.",
              "Keep claim one-screen; limit fields; good OCR; publish timelines.",
              "Publish ‚ÄúTotal winners‚Äù and name the cadence; add a bold moment line.",
              "Publish ‚ÄúTotal winners‚Äù and show cadence prominently.",
              "Add visible cadence (instant or weekly) to match in-market fairness signals."
            ],
            "asks": [
              "Provide expected buyers/entries (range)."
            ],
            "mode": "PRIZE",
            "diagnostics": {
              "valueAmount": 0,
              "aspAnchor": 100,
              "expectedBuyers": null,
              "totalWinners": 2010,
              "coverageRate": null,
              "cadenceSignals": false,
              "symbolicSignals": false,
              "headlineMax": 0,
              "banded": false,
              "overlay": false,
              "overlayExperiential": false,
              "overlayLabel": "",
              "researchBenchmarks": {
                "heroPrize": {
                  "median": 35.5,
                  "mode": 1
                },
                "cadenceShare": {
                  "instant": 0.3529411764705883,
                  "weekly": 0.2352941176470588,
                  "daily": 0.4117647058823529
                },
                "manyWinnersShare": 0,
                "prizeCountsObserved": {
                  "total": 10,
                  "common": [
                    {
                      "count": 1,
                      "share": 0.2
                    },
                    {
                      "count": 150,
                      "share": 0.2
                    },
                    {
                      "count": 3,
                      "share": 0.1
                    }
                  ]
                },
                "recommendedHeroCount": 3,
                "positionVsMarket": "UNKNOWN"
              },
              "cashbackVsMarket": "UNKNOWN",
              "heroVsMarket": "UNKNOWN"
            }
          }
        },
        "result": {
          "content": "Wicked Sister stands poised at the confluence of indulgence and experience, ready to ignite the market with its Spring Movie Launch. This moment matters because it aligns with the cultural moment of 'Wicked: For Good,' inviting families to indulge in shared cinematic adventures. As the frozen dessert market blossoms with a 5.4% growth rate, Wicked Sister‚Äôs promotion captures the moment of renewal and shared delight, offering a unique proposition that disrupts the everyday indulgence category. Today, the brand truth marries shopper tension and retailer reality with cultural timing. Consumers crave indulgence yet face cost-of-living strains; a double movie pass speaks to this tension, offering value that resonates with family-centric buyers. Retailers like Coles and Woolworths provide the perfect stage for this promotion, ensuring broad accessibility and visibility. The instant win mechanic dovetails with the seasonal demand for lighter, indulgent treats, making it an irresistible offer (Source: retail.org.au). Improving this plan involves transforming single movie tickets into double passes, ensuring perceived value meets family expectations. Strategist insights show that halving the winner count to 1005 enhances shared experiences, aligning with our KPI of driving two-pack purchases. A daily winner burst cadence will maintain engagement, creating urgency and excitement. The communication strategy will reinforce the upgrade, leveraging existing channels to ensure clarity and buzz (Source: insidefmcg.com.au). For retailers, the promotion fits seamlessly into existing frameworks, reqring no additional staff lift or in-store adjudication. Display asks remain minimal, relying on pre-packed POS materials that maintain brand visibility without encroaching on freezer space. This operational simplicity ensures that the campaign enhances foot traffic without added complexity (Source: woolworths.com.au). To tighten, we will communicate the double pass upgrade across all consumer touchpoints, enhancing perceived value and driving participation. This pragmatic tweak ensures clarity and alignment with family-centric expectations. To stretch, we will introduce movie-themed digital engagement, such as cinema trivia, adding depth to the experiential hook and enriching consumer interaction. This bolder extension keeps the in-store reality grounded while elevating the campaign‚Äôs appeal. ‚ÄúDouble Your Movie Magic‚Äù ‚ÄúEnjoy two movie tickets with your desserts.‚Äù\n\nTo improve it, publish the fact there are 2,010 winners so the breadth feels real. retune the hook to ‚ÄúDouble the Movie Magic‚Äù so it sounds like Wicked Sister, not a generic instant win.",
          "meta": {
            "kind": "opinion.v1",
            "stance": "DECISIVE",
            "calls": {
              "go": [
                "Convert single tickets to double passes for shared family experiences."
              ],
              "no_go": [
                "Single movie ticket lacks perceived value for family-centric promotion."
              ]
            },
            "risks": [
              "Perceived value may not meet family expectations."
            ],
            "retailer_incentives": [
              "Increased foot traffic with double pass offer."
            ],
            "hook_alternatives": [
              "Double the Movie Magic",
              "Two Desserts. Two Tickets.",
              "Movie Night for Two.",
              "Cinema Nights, Doubled Delight."
            ],
            "offerIQ": {
              "score": 4.8,
              "verdict": "REVIEW",
              "confidence": 0.5,
              "lenses": {
                "adequacy": {
                  "score": 4.5,
                  "why": "Expected buyers/entries not provided; adequacy judged via cadence and visibility.",
                  "fix": "Add: expected buyers/entries and total winners, or show ‚ÄúTotal winners‚Äù and cadence in communications."
                },
                "simplicity": {
                  "score": 6.5,
                  "why": "Some admin implied (fields/proof or wait time).",
                  "fix": "Keep claim one-screen; limit fields; good OCR; publish timelines."
                },
                "certainty": {
                  "score": 3.7,
                  "why": "Perceived odds unclear; cadence thin.",
                  "fix": "Show cadence and ‚ÄúTotal winners‚Äù; avoid fine print that hides odds."
                },
                "salience": {
                  "score": 4,
                  "why": "Needs a visible moment or total-winners headline.",
                  "fix": "Publish ‚ÄúTotal winners‚Äù and name the cadence; add a bold moment line."
                },
                "talkability": {
                  "score": 5,
                  "why": "Seasonal hook helps.",
                  "fix": "Add a brand-right experiential or symbolic angle."
                },
                "retailerFit": {
                  "score": 6,
                  "why": "Ensure any adjudication is central; ship pre-packed POS.",
                  "fix": "Keep staff script ‚â§5s; no in-store adjudication."
                },
                "brandFit": {
                  "score": 5,
                  "why": "Feels generic; weak brand lock.",
                  "fix": "Lock line and visuals to distinctive assets and the brand‚Äôs functional truth."
                }
              },
              "hardFlags": [],
              "recommendations": [
                "Add: expected buyers/entries and total winners, or show ‚ÄúTotal winners‚Äù and cadence in communications.",
                "Keep claim one-screen; limit fields; good OCR; publish timelines.",
                "Publish ‚ÄúTotal winners‚Äù and name the cadence; add a bold moment line.",
                "Publish ‚ÄúTotal winners‚Äù and show cadence prominently.",
                "Add visible cadence (instant or weekly) to match in-market fairness signals."
              ],
              "asks": [
                "Provide expected buyers/entries (range)."
              ],
              "mode": "PRIZE",
              "diagnostics": {
                "valueAmount": 0,
                "aspAnchor": 100,
                "expectedBuyers": null,
                "totalWinners": 2010,
                "coverageRate": null,
                "cadenceSignals": false,
                "symbolicSignals": false,
                "headlineMax": 0,
                "banded": false,
                "overlay": false,
                "overlayExperiential": false,
                "overlayLabel": "",
                "researchBenchmarks": {
                  "heroPrize": {
                    "median": 35.5,
                    "mode": 1
                  },
                  "cadenceShare": {
                    "instant": 0.3529411764705883,
                    "weekly": 0.2352941176470588,
                    "daily": 0.4117647058823529
                  },
                  "manyWinnersShare": 0,
                  "prizeCountsObserved": {
                    "total": 10,
                    "common": [
                      {
                        "count": 1,
                        "share": 0.2
                      },
                      {
                        "count": 150,
                        "share": 0.2
                      },
                      {
                        "count": 3,
                        "share": 0.1
                      }
                    ]
                  },
                  "recommendedHeroCount": 3,
                  "positionVsMarket": "UNKNOWN"
                },
                "cashbackVsMarket": "UNKNOWN",
                "heroVsMarket": "UNKNOWN"
              }
            }
          }
        }
      }
    },
    "strategist": {
      "content": "Scenario ‚Äî Shareable reward ‚Äî Transitioning to double passes is a clear win. It doubles the perceived value and aligns with the family-centric theme of the promotion. The prize budget remains the same, but the winner count drops to 1005, ensuring each win feels more substantial. This shift keeps the spirit of the promotion intact, focusing on shared experiences without compromising fairness. Scenario ‚Äî Cadence burst ‚Äî Implementing a daily winner burst keeps the excitement alive and encourages repeat purchases. With 17.5 winners per day, the promotion maintains a steady drumbeat of engagement, making each day feel like a fresh opportunity. Operationally, this requires no additional resources, as the existing digital infrastructure handles the cadence. Monitoring daily entry spikes will guide adjustments to maintain consumer interest. Scenario ‚Äî Hero overlay ‚Äî Introduce a hero tier with a grand prize of a $10K home cinema makeover, funded by reallocating 5% of the existing prize budget. This prize amplifies the movie night experience, positioning Wicked Sister as a brand that elevates home entertainment. Retailers can weave this narrative into their digital channels, enhancing brand storytelling without adding in-store pressure. Fairness is preserved by maintaining transparency in prize distribution. Measurement ‚Äî Track the redemption rate of double passes against initial single ticket uptake. Summary - Transition to double passes to enhance shared experiences, reducing winners to 1005 without extra cost. - Implement a daily winner burst to sustain engagement, leveraging existing infrastructure. - Introduce a $10K home cinema makeover hero tier, reallocating 5% of the prize budget for enhanced storytelling.",
      "raw": "Scenario ‚Äî Shareable reward ‚Äî Transitioning to double passes is a clear win. It doubles the perceived value and aligns with the family-centric theme of the promotion. The prize budget remains the same, but the winner count drops to 1005, ensuring each win feels more substantial. This shift keeps the spirit of the promotion intact, focusing on shared experiences without compromising fairness. Scenario ‚Äî Cadence burst ‚Äî Implementing a daily winner burst keeps the excitement alive and encourages repeat purchases. With 17.5 winners per day, the promotion maintains a steady drumbeat of engagement, making each day feel like a fresh opportunity. Operationally, this requires no additional resources, as the existing digital infrastructure handles the cadence. Monitoring daily entry spikes will guide adjustments to maintain consumer interest. Scenario ‚Äî Hero overlay ‚Äî Introduce a hero tier with a grand prize of a $10K home cinema makeover, funded by reallocating 5% of the existing prize budget. This prize amplifies the movie night experience, positioning Wicked Sister as a brand that elevates home entertainment. Retailers can weave this narrative into their digital channels, enhancing brand storytelling without adding in-store pressure. Fairness is preserved by maintaining transparency in prize distribution. Measurement ‚Äî Track the redemption rate of double passes against initial single ticket uptake. Summary - Transition to double passes to enhance shared experiences, reducing winners to 1005 without extra cost. - Implement a daily winner burst to sustain engagement, leveraging existing infrastructure. - Introduce a $10K home cinema makeover hero tier, reallocating 5% of the prize budget for enhanced storytelling.",
      "sanitized": "Scenario ‚Äî Shareable reward ‚Äî Transitioning to double passes is a clear win. It doubles the perceived value and aligns with the family-centric theme of the promotion. The prize budget remains the same, but the winner count drops to 1005, ensuring each win feels more substantial. This shift keeps the spirit of the promotion intact, focusing on shared experiences without compromising fairness. Scenario ‚Äî Cadence burst ‚Äî Implementing a daily winner burst keeps the excitement alive and encourages repeat purchases. With 17.5 winners per day, the promotion maintains a steady drumbeat of engagement, making each day feel like a fresh opportunity. Operationally, this requires no additional resources, as the existing digital infrastructure handles the cadence. Monitoring daily entry spikes will guide adjustments to maintain consumer interest. Scenario ‚Äî Hero overlay ‚Äî Introduce a hero tier with a grand prize of a $10K home cinema makeover, funded by reallocating 5% of the existing prize budget. This prize amplifies the movie night experience, positioning Wicked Sister as a brand that elevates home entertainment. Retailers can weave this narrative into their digital channels, enhancing brand storytelling without adding in-store pressure. Fairness is preserved by maintaining transparency in prize distribution. Measurement ‚Äî Track the redemption rate of double passes against initial single ticket uptake. Summary - Transition to double passes to enhance shared experiences, reducing winners to 1005 without extra cost. - Implement a daily winner burst to sustain engagement, leveraging existing infrastructure. - Introduce a $10K home cinema makeover hero tier, reallocating 5% of the prize budget for enhanced storytelling.",
      "meta": null,
      "params": null
    }
  },
  "ideation": {
    "unboxed": [
      {
        "agent": "Cross-Pollinator",
        "ideas": [
          {
            "tier": "SAFE",
            "hook": "Name Your Sundae Adventure",
            "what": "Customers can name a custom sundae inspired by the upcoming Wicked film, and receive personalized digital artwork of their creation.",
            "why": "Naming rights foster ownership and personalization, increasing emotional attachment to the brand's products during the movie tie-in.",
            "retailRun": "Digital platforms encourage entries by prompting consumers to buy two products, upload receipts, and create a unique sundae.",
            "xForY": "‚ÄòName a Coke‚Äô mass personalization from Beverage applied to Frozen Desserts because creating personal narratives enhances consumer engagement.",
            "operatorCards": [
              "Personalise at scale",
              "Ownership sliver"
            ],
            "legalVariant": null
          },
          {
            "tier": "STEAL",
            "hook": "Every Hour Movie Draw with Cashback",
            "what": "For every two-pack purchase uploaded, buyers receive an entry into an hourly movie ticket draw plus cashback as store credit.",
            "why": "Replicating casino-style jackpot timing builds anticipation, while cashback encourages future purchases, forming a compelling reward loop.",
            "retailRun": "Synched with grocery apps to offer immediate feedback on draws and credits for grocery chains like Coles or Woolworths.",
            "xForY": "'Winner-an-hour' cadence illusion from Casinos applied to Grocery Retail because constant anticipation hooks daily shopping patterns.",
            "operatorCards": [
              "Cadence illusion",
              "Cashback / negative price"
            ],
            "legalVariant": null
          },
          {
            "tier": "HERESY",
            "hook": "\"Cast Yourself in Wicked\" Experience Box",
            "what": "'Casting Ticket': Winners voice-record themselves reading lines; final selections receive animated avatar cameos in advertising spots leading to film release.",
            "why": "\"Sir Guinness\" gives everyday consumers an evocative experience by having them 'own' part of the launch narrative‚Äîintensifying engagement.",
            "retailRun": "\"Casting Boxes\" sold exclusively through retailers bundle dessert with a unique QR code for content submission upon receipt proofing.",
            "xForY": "'Symbolic co-ownership' live narrative immersion from Entertainment applied to Frozen Desserts because fans crave deeper bonds beyond product consumption.",
            "operatorCards": [
              "Ticketisation",
              "- Ownership sliver"
            ],
            "legalVariant": null
          }
        ]
      },
      {
        "agent": "Mechanic Alchemist",
        "ideas": [
          {
            "tier": "SAFE",
            "hook": "Double Delight Movie Nights",
            "what": "Buy two Wicked Sister desserts, upload your receipt, and uncover an instant chance to score a movie ticket.",
            "why": "Integrating instant win with dessert purchases triggers excitement. This drives purchase frequency while adding anticipation to routine grocery runs.",
            "retailRun": "Engage customers in physical grocery stores (Coles, Woolworths) and incentivize through digital apps and platforms.",
            "xForY": "[Instant win] from [Lotteries] applied to [Grocery] because [grocery shopping often feels routine].",
            "operatorCards": [
              "Cashback / negative price",
              "Cadence illusion"
            ],
            "legalVariant": null
          },
          {
            "tier": "STEAL",
            "hook": "Frosted Franchise Flicks",
            "what": "Collectible cartons featuring characters from ‚ÄòWicked‚Äô film could unlock different levels of premium movie rewards‚Äîpremieres, behind-the-scenes content.",
            "why": "This cross-promotion boosts brand affinity by aligning desserts with the beloved franchise, encouraging collection due to visual appeal and added value.",
            "retailRun": "Available exclusively online and in-store during weekends creating peak buying moments.",
            "xForY": "[Franchise collectibles] from [Comic Books] applied to [Frozen Desserts] because [visuals engage families around shared fandom].",
            "operatorCards": [
              "Collection pressure",
              "Cross-category steal"
            ],
            "legalVariant": null
          },
          {
            "tier": "HERESY",
            "hook": "'Cinema Sweetshares' Ownership Program",
            "what": "\"Co-own\" a piece of select cinema showings with every eligible purchase leading up to the film launch. Customers get their names featured as symbolic 'owners' in movie credits or on popcorn tubs at select screenings.",
            "why": "'Sweetshares' blurs lines between product engagement and entertainment, fostering deep consumer-brand connection by making them insiders in a tangible way.",
            "retailRun": "\"Experience spheres\" in theatres; codes available exclusively via major retail receipts online for verified purchases only.",
            "xForY": "[Co-ownership sliver] from [Fine Arts and Theatre Patrons] applied to [Retail Gifting experience] because [showing up as part of a community fuels identity].",
            "operatorCards": [
              "Ownership sliver",
              "Cross-category steal"
            ],
            "legalVariant": "'Be Featured Fan List' where fan name inclusion is more distant but honourable acknowledgment than actual credit."
          }
        ]
      },
      {
        "agent": "NameSmith",
        "ideas": [
          {
            "tier": "SAFE",
            "hook": "Sweet Blockbuster Bingo",
            "what": "Customers collect unique codes inside each purchased product to play a bingo-style game. Completing lines or patterns unlocks immediate movie ticket rewards.",
            "why": "Bingo combines familiar excitement with thrill of instant win, increasing multi-pack purchases and engagement in a fun manner.",
            "retailRun": "Codes are printed in packaged desserts, linking online through brand's app for immediate validation and reward redemption.",
            "xForY": "Bingo from board games applied to frozen desserts because it taps into social gaming while encouraging multi-buy habits.",
            "operatorCards": [
              "Personalise at scale (names, numbers, avatars)",
              "Collection pressure (sets, seasons, swaps)"
            ],
            "legalVariant": null
          },
          {
            "tier": "STEAL",
            "hook": "The Dessert Golden Ticket Voyage",
            "what": "Launches mystery-tier packaging that can be 'opened' online. Each tier reveals exciting rewards like exclusive movie screenings or meet-the-cast opportunities.",
            "why": "\"Ticketisation\" builds suspense, each purchase feels like unwrapping a present enhancing purchase frequency.",
            "retailRun": "Includes special packs with concealed peel-away components leading customers online to discover their ‚Äòticket‚Äô tier instantly.",
            "xForY": "[Mystery Tier Box] from Subscription Boxes applied to [Frozen Desserts] because [it activates collector mentality & surprise].",
            "operatorCards": [
              "Ticketisation (upgrades, golden ticket, mystery tiers)",
              "Cadence illusion (winner-an-hour, streaks, rolling jackpots)"
            ],
            "legalVariant": null
          },
          {
            "tier": "HERESY",
            "hook": "'Flavor Avatar' Storyline Promo",
            "what": "'Flavor Avatars' are created for each customer using personalized digital animations tied to their purchase history. They evolve into virtual characters with narrative roles in movie trailer-like clips integrating live updates.",
            "why": "\"Cross-Category Steal\" converts typical personalisation into gamified storytelling making repeated purchases meaningful by weaving dessert experiences into cinematic narratives.",
            "retailRun": "'Flavor Avatars' gain new backstory elements tied to specific desserts bought‚Äîpurchasing more adds layers to their ongoing digital saga shown through engaging mini-movies before film trailers online.",
            "xForY": "[Virtual Avatar Mechanics] from Online Gaming applied to [Frozen Desserts] because [it constructs interactive personal stories].",
            "operatorCards": [
              "Personalise at scale (names, numbers, avatars)",
              "Cross-category steal (lift mechanic from another industry)"
            ],
            "legalVariant": "'Simplified Flavor Characters': Users earn static character cards per product, no story evolution or animation‚Äîjust collectible flair."
          }
        ]
      },
      {
        "agent": "Contrarian",
        "ideas": [
          {
            "tier": "SAFE",
            "hook": "Collectible 'Film Scene' Dessert Lids",
            "what": "Transform ordinary dessert lids into collectible items featuring iconic scenes from the 'Wicked' movie, encouraging repeat purchases to complete the set.",
            "why": "This leverages collection pressure to increase product purchase frequency, turning each buy into part of a larger goal, while tapping into fans' desire to own exclusive film memorabilia.",
            "retailRun": "Release different lid designs across stores every two weeks; customers can swap extras using a dedicated app community.",
            "xForY": "Collection sets from Trading Cards applied to Frozen Desserts because fans love completion and exclusivity.",
            "operatorCards": [
              "Collection pressure",
              "Personalise at scale"
            ],
            "legalVariant": null
          },
          {
            "tier": "STEAL",
            "hook": "'Golden Scoop' Ticket Hunt",
            "what": "Insert limited golden scoops in products where finding one not only wins a movie ticket but also bestows co-ownership naming rights to special showtimes or characters in promotional materials.",
            "why": "Borrowing from the instant win concept and chocolate bar 'Golden Ticket', this adds exciting layers by blending tangible discovery with name recognition rewards.",
            "retailRun": "'Golden scoops' announced on store and digital channels; winners sign special showtime entry books for their named credit.",
            "xForY": "'Golden Ticket' from Confectionery applied to Frozen Desserts because discovering surprises makes family treat time exciting.",
            "operatorCards": [
              "Ownership sliver",
              "Ticketisation"
            ],
            "legalVariant": null
          },
          {
            "tier": "HERESY",
            "hook": "'Dessert Payback': Refund Movie Night",
            "what": "'Dessert Payback' lets customers enjoy two-for-one desserts‚Äîget half your spend refunded after submitting box tops online when you watch any subsequent purchase movies with friends post-campaign.",
            "why": "'Get paid to try' radically shifts perception; it positions Wicked Sister as investing in lasting relationships by refunding group entertainment linked back to them.",
            "retailRun": "`Selfie-d' out-of-theatre friends claims verified via app for social impact; encourage fans to pile in through engagement flow online and media influence battles via TikTok/Instagram story reposts showcasing desserts as feature night anchors after celebratory nights in theatres globally campaign.",
            "xForY": "Cashback promo from Banking Industry applied to Food & Beverage because incentivizing future consumption deepens brand loyalty innovation .",
            "operatorCards": [
              "Cashback / negative price",
              "Cross-category steal"
            ],
            "legalVariant": "Make it simpler: consumers redeem a straight discount on future purchases instead of complex refunds."
          }
        ]
      },
      {
        "agent": "Stunt Producer",
        "ideas": [
          {
            "tier": "SAFE",
            "hook": "Collect all Frozen Dessert Movie Tickets",
            "what": "After uploading their receipt, participants not only win movie tickets but also unlock a collectible series of virtual 'Frozen Dessert Movie Tickets' featuring themes and characters from the upcoming film.",
            "why": "Adds layers to the existing instant-win mechanic by encouraging collection pressure, building anticipation for the film while cementing brand loyalty.",
            "retailRun": "Roll out custom-themed tickets across grocery and convenience stores with each series release tied to specific participating retailers.",
            "xForY": "[Collection Pressure] from [Trading Card Games] applied to [Frozen Desserts] because [collectibles drive repeat purchases].",
            "operatorCards": [
              "Collection pressure",
              "Ticketisation"
            ],
            "legalVariant": null
          },
          {
            "tier": "STEAL",
            "hook": "Name That Dessert Star",
            "what": "Introduce a personalisation layer where consumers name one of Wicked Sister's new limited-edition desserts during the campaign‚Äîlike naming a star in the galaxy but in the frozen aisle.",
            "why": "Draws on unique personalization experiences to increase product interaction, making customers feel directly connected to the brand‚Äôs new offerings.",
            "retailRun": "Encourage in-store engagement with displays that highlight customer-named desserts at major retailers.",
            "xForY": "[Personalise at scale] from [Souvenirs & Memorabilia Naming Rights] applied to [Frozen Desserts] because [names drive affinity and sharing].",
            "operatorCards": [
              "Personalise at scale",
              "Ownership sliver"
            ],
            "legalVariant": null
          },
          {
            "tier": "HERESY",
            "hook": "$7 Cashback Gamble on Desserts",
            "what": "$7 upfront cost for two Wicked Sisters products with a potential chance to earn $10 back if selected as an 'instant winner' post-receipt upload‚Äîpushing boundaries of traditional price mechanics.",
            "why": "Flips conventional pricing models, enticing consumers with financial rebating coupled with thrill-seeking excitement, driving dual motivations: purchase incentive plus potential profit.",
            "retailRun": "$7 bags available at select retailers; prominent signage emphasizes this gamble mechanic in high foot traffic aisles.",
            "xForY": "[Cashback / Negative Price] from [Financial Rebates] applied to [Frozen Desserts] because [people love low-risk-high-reward propositions].",
            "operatorCards": [
              "Cashback / negative price",
              "Instant win"
            ],
            "legalVariant": "$2 savings voucher included for non-winners."
          }
        ]
      }
    ],
    "harness": {
      "selectedHook": "'Golden Scoop' Ticket Hunt",
      "point": "The 'Golden Scoop' Ticket Hunt concept combines the thrill of discovery with the allure of exclusive rewards. By inserting limited golden scoops in products, customers are enticed to purchase more for a chance to win movie tickets and gain co-ownership naming rights to special showtimes or characters in promotional materials. This creates a buzz and drives repeat purchases, while the naming rights add a personal touch, enhancing brand loyalty.",
      "move": "Launch the 'Golden Scoop' campaign across major retail chains and digital platforms. Promote through social media and in-store displays, highlighting the excitement of finding a golden scoop and the unique rewards it offers. Encourage customers to share their finds online to amplify reach and engagement.",
      "risk": "The primary risk is ensuring a fair distribution of golden scoops to avoid customer dissatisfaction. Additionally, the naming rights must be clearly defined to prevent any legal complications or misunderstandings about the extent of the ownership.",
      "oddsCadence": "1 in 100 chance for golden scoop; winners announced weekly.",
      "retailerLine": "Till: 'Find a golden scoop for movie magic!' POS: 'Discover your scoop and name a showtime!'",
      "legalVariant": null,
      "sourceIdea": {
        "agent": "Contrarian",
        "tier": "STEAL",
        "hook": "'Golden Scoop' Ticket Hunt"
      }
    }
  },
  "extras": [
    {
      "type": "hooks",
      "title": "hooks",
      "content": "1. **Taste the Magic, Win the Night!** ‚Äî This line directly connects the indulgence of dessert with the thrill of a movie experience, creating excitement around both elements.\n\n2. **Dessert Dreams Meet Wicked Wins!** ‚Äî Evokes a sense of fantasy while emphasizing the chance to win, appealing to consumers‚Äô desires for both treats and experiences.\n\n3. **Unlock a Night at the Movies!** ‚Äî Leverages the idea of discovery and opportunity, inviting consumers to participate in a rewarding experience.\n\n4. **Indulge and Instantly Win Wicked Surprises!** ‚Äî The use of 'instantly' enhances the promotional urgency while aligning with the indulgent nature of the product.\n\n5. **Sweet Treats, Sweet Wins: Join the Wicked Fun!** ‚Äî This tagline positions the promotion as part of a collective experience, encouraging shared participation.\n\n6. **Win the Ultimate Movie Night Experience!** ‚Äî Highlights a desirable outcome that resonates with family-oriented consumers looking to enhance their home entertainment.\n\n7. **Dive into Delicious Desserts and Wicked Wins!** ‚Äî Conveys the excitement of indulgence while emphasizing the potential for winning, creating a sense of adventure.\n\n8. **Scoop Up Sweet Rewards with Wicked Sisters!** ‚Äî Invokes a playful tone while reinforcing the brand identity, cementing the connection between dessert and winning.\n\n9. **Your Ticket to a Magical Movie Night Awaits!** ‚Äî Suggests that participation is not just about dessert, but about creating memorable experiences, enhancing perceived value.\n\n10. **Grab a Spoon, Grab a Chance at Wicked Prizes!** ‚Äî Combines the act of indulging in desserts with the excitement of winning, making it effortless and engaging.\n\n11. **Indulgence Meets Instant Gratification: Join the Wicked Experience!** ‚Äî This tagline captures the essence of the campaign, appealing to modern consumers' craving for both luxury and immediacy.\n\n12. **Feel the Magic ‚Äî Win Big with Wicked Sisters!** ‚Äî Ties the emotional resonance of the film experience to the promotion, creating an engaging narrative for consumers.\n\n13. **Delight in Every Scoop, Win Every Time!** ‚Äî Reinforces the idea of enjoyment with the added incentive of winning, promoting an ongoing relationship with the product.\n\n14. **Join the Dessert Revolution: Win Wickedly Instant Prizes!** ‚Äî Positions the promotion as trendy and exciting, appealing to consumers looking for new experiences.\n\n15. **Experience the Enchantment: Win Wicked Movie Magic!** ‚Äî Playfully connects the campaign to the film's themes, creating a sense of anticipation and excitement.\n\n16. **Unwrap the Magic of Wicked Prizes with Every Bite!** ‚Äî Suggests that each dessert brings the possibility of winning, reinforcing the idea of enchantment.\n\n17. **Your Dessert Just Became a Treasure Hunt for Wicked Wins!** ‚Äî Adds an element of adventure and surprise to the act of indulging in desserts, enticing engagement.\n\n18. **Taste the Adventure, Win the Night with Wicked Sisters!** ‚Äî Enhances the campaign's call to action by framing it in terms of exploration and excitement.\n\n19. **Sweeten Your Movie Nights with Instant Wicked Wins!** ‚Äî Directly appeals to family-centered moments, making desserts a part of treasured experiences.\n\n20. **Dare to Dream: Indulge in Desserts and Win Wickedly!** ‚Äî Encourages consumers to embrace their desires while promising tangible rewards, fostering a sense of aspiration."
    }
  ],
  "offerIQ": {
    "score": 4.8,
    "verdict": "REVIEW",
    "confidence": 0.5,
    "lenses": {
      "adequacy": {
        "score": 4.5,
        "why": "Expected buyers/entries not provided; adequacy judged via cadence and visibility.",
        "fix": "Add: expected buyers/entries and total winners, or show ‚ÄúTotal winners‚Äù and cadence in communications."
      },
      "simplicity": {
        "score": 6.5,
        "why": "Some admin implied (fields/proof or wait time).",
        "fix": "Keep claim one-screen; limit fields; good OCR; publish timelines."
      },
      "certainty": {
        "score": 3.7,
        "why": "Perceived odds unclear; cadence thin.",
        "fix": "Show cadence and ‚ÄúTotal winners‚Äù; avoid fine print that hides odds."
      },
      "salience": {
        "score": 4,
        "why": "Needs a visible moment or total-winners headline.",
        "fix": "Publish ‚ÄúTotal winners‚Äù and name the cadence; add a bold moment line."
      },
      "talkability": {
        "score": 5,
        "why": "Seasonal hook helps.",
        "fix": "Add a brand-right experiential or symbolic angle."
      },
      "retailerFit": {
        "score": 6,
        "why": "Ensure any adjudication is central; ship pre-packed POS.",
        "fix": "Keep staff script ‚â§5s; no in-store adjudication."
      },
      "brandFit": {
        "score": 5,
        "why": "Feels generic; weak brand lock.",
        "fix": "Lock line and visuals to distinctive assets and the brand‚Äôs functional truth."
      }
    },
    "hardFlags": [],
    "recommendations": [
      "Add: expected buyers/entries and total winners, or show ‚ÄúTotal winners‚Äù and cadence in communications.",
      "Keep claim one-screen; limit fields; good OCR; publish timelines.",
      "Publish ‚ÄúTotal winners‚Äù and name the cadence; add a bold moment line.",
      "Publish ‚ÄúTotal winners‚Äù and show cadence prominently.",
      "Add visible cadence (instant or weekly) to match in-market fairness signals."
    ],
    "asks": [
      "Provide expected buyers/entries (range)."
    ],
    "mode": "PRIZE",
    "diagnostics": {
      "valueAmount": 0,
      "aspAnchor": 100,
      "expectedBuyers": null,
      "totalWinners": 2010,
      "coverageRate": null,
      "cadenceSignals": false,
      "symbolicSignals": false,
      "headlineMax": 0,
      "banded": false,
      "overlay": false,
      "overlayExperiential": false,
      "overlayLabel": "",
      "researchBenchmarks": {
        "heroPrize": {
          "median": 35.5,
          "mode": 1
        },
        "cadenceShare": {
          "instant": 0.3529411764705883,
          "weekly": 0.2352941176470588,
          "daily": 0.4117647058823529
        },
        "manyWinnersShare": 0,
        "prizeCountsObserved": {
          "total": 10,
          "common": [
            {
              "count": 1,
              "share": 0.2
            },
            {
              "count": 150,
              "share": 0.2
            },
            {
              "count": 3,
              "share": 0.1
            }
          ]
        },
        "recommendedHeroCount": 3,
        "positionVsMarket": "UNKNOWN"
      },
      "cashbackVsMarket": "UNKNOWN",
      "heroVsMarket": "UNKNOWN"
    }
  },
  "research": {
    "brand": {
      "query": "The Wicked Sisters",
      "summary": "The Wicked Sisters is a Russian fairy tale collected by Alexander Afanasyev in Narodnye russkie skazki.",
      "facts": [
        {
          "claim": "Wicked Sister x Wicked ‚Äî Purchase any two packs of Wicked Sister Products for your chance to instantly win a movie ticket!",
          "source": "Source: wickedsisterwin.com.au (https://wickedsisterwin.com.au/)"
        },
        {
          "claim": "FAQs - Wicked Sister x Wicked ‚Äî Buy any 2 packs of Wicked Sister products in one transaction from a Woolworths store during the Woolworths Exclusive promotion period. Then go ...",
          "source": "Source: wickedsisterwin.com.au (https://wickedsisterwin.com.au/faq)"
        },
        {
          "claim": "Wicked Sister: Home Page ‚Äî Enjoy wickedly delicious desserts designed for everyday indulgence by Wicked Sister. Explore our wicked range, try recipes and find stockists here.",
          "source": "Source: wickedsister.com.au (https://www.wickedsister.com.au/)"
        }
      ]
    },
    "audience": {
      "notes": "Primary grocery buyers ‚Ä¢ They reward the family with purposeful treats that feel magical but still practical. ‚Ä¢ Plans movie nights, shares dessert finds on social, responds to retailer app notifications.",
      "facts": [
        {
          "claim": "Wicked Sister goes 'For Good' with new Wicked-inspired ... ‚Äî Chilled dessert brand Wicked Sister has launched limited-edition dessert pots inspired by Wicked: For Good film set to premiere next month.",
          "source": "Source: insidefmcg.com.au (https://insidefmcg.com.au/2025/10/13/wicked-sister-goes-for-good-with-new-wicked-inspired-desserts/)"
        },
        {
          "claim": "Paul Polly from Wicked Sister | Determined to succeed ‚Äî This is the story of Paul Polly and Wicked Sister desserts. Learn how he went from one pot to a $12 million factory.",
          "source": "Source: nab.com.au (https://www.nab.com.au/business/small-business/moments/business-progress/wickedsister)"
        },
        {
          "claim": "Wicked Sister bulks up protein pudding pack size ‚Äî With 15 grams of protein per serving and available in chocolate, strawberry, banana, along with a new vanilla flavour, these join the wider 170 ...",
          "source": "Source: foodanddrinkbusiness.com.au (https://www.foodanddrinkbusiness.com.au/new-in-store/wicked-sister-bulks-up-protein-pudding-pack-size)"
        }
      ]
    },
    "category": {
      "query": "Frozen dessert",
      "summary": "Frozen dessert is a dessert made by freezing liquids, semi-solids, and sometimes solids. They may be based on flavored water, on fruit pur√©es, on milk and cream, on custard, on mousse (semifreddo), and others. It is sometimes sold as ice-cream in South Asia and other countries.",
      "facts": [
        {
          "claim": "Frozen dessert is a dessert made by freezing liquids, semi-solids, and sometimes solids. They may be based on flavored water, on fruit pur√©es, on milk and cream, on custard, on mousse (semifreddo), and others. It is sometimes sold as ice-cream in South Asia and other countries.",
          "source": "Source: Wikipedia ‚Äî Frozen dessert (https://en.wikipedia.org/wiki/Frozen%20dessert)"
        },
        {
          "claim": "Australia Ice Cream Market Share, Growth & Forecast 2030 ‚Äî The Australia Ice Cream Market is projected to witness a CAGR of 2.95% for the forecast period between 2023 and 2030.",
          "source": "Source: marketsandata.com (https://www.marketsandata.com/industry-reports/australia-ice-cream-market)"
        },
        {
          "claim": "Australia Ice Cream Market Share, Size, Growth Report ‚Äî The Australia ice cream market, valued at AUD 1407.35 million in 2024, is projected to grow at 1.51% CAGR, reaching AUD 1634.90 million by 2034.",
          "source": "Source: expertmarketresearch.com.au (https://www.expertmarketresearch.com.au/reports/australia-ice-cream-market)"
        },
        {
          "claim": "Frozen Desserts Market Size, Growth, Trends and Forecast ‚Äî Frozen Desserts Market is anticipated to expand from $112.9 billion in 2024 to $191.5 billion by 2034, growing at a CAGR of approximately 5.4%.",
          "source": "Source: globalinsightservices.com (https://www.globalinsightservices.com/reports/frozen-desserts-market/)"
        },
        {
          "claim": "Frozen Desserts ‚Äî Frozen Desserts ; $9.00. $2.40 / 100G. Sara Lee Chocolate Swirl Bavarian 375g. Promoted ; $7.20. $9.00 $2.00 / 100G. Sara Lee French Cream Cheesecake 360g. 4.5 / ...Read more",
          "source": "Source: woolworths.com.au (https://www.woolworths.com.au/shop/browse/freezer/frozen-desserts?srsltid=AfmBOor978BnhC9QQ7V61ixEDkNXooZBKeO_izpimvDYa_XMaM_pK2PV)"
        },
        {
          "claim": "Ice Cream Specials & Offers ‚Äî SAVE $1.90. $7.60. $9.50 $0.76 / 100ML. Sanitarium So Good Vanilla Bliss Frozen Dessert 1L. Add to cart. Save to list. 20% Off. SAVE $3.00. $12.00. $15.00 $2.53 ...Read more",
          "source": "Source: woolworths.com.au (https://www.woolworths.com.au/shop/browse/freezer/ice-cream/ice-cream-specials?srsltid=AfmBOopklJhi7Q-ODSy445CW1x4bWiwbCJfR-Bf19Nz6h5iPuw5p1RoP)"
        }
      ]
    },
    "competitors": {
      "names": [
        "Rokeby Farms",
        "Priestley‚Äôs Gourmet Delights",
        "Jillian's Cakery",
        "Belle Fleur",
        "Beak & Johnston",
        "Carman's",
        "Pauls PLUS+",
        "Chobani",
        "Sara Lee",
        "Streets",
        "Ferrero Australia",
        "Gelatissimo"
      ],
      "facts": [
        {
          "claim": "Brief competitor: Streets",
          "source": "Source: brief"
        },
        {
          "claim": "Rokeby Farms Chocolate Protein Smoothie 6 x 425ml ‚Äî Rokeby Farms Chocolate Protein Smoothie 6 x 425ml is a protein drink providing all 9 essential amino acids while providing sustained energy and fullness.",
          "source": "Source: costco.com.au (https://www.costco.com.au/Business-Delivery/Beverages/Other-Drinks/Rokeby-Farms-Chocolate-Protein-Smoothie-6-x-425ml/p/163543_BD)"
        },
        {
          "claim": "Rokeby Farms ‚Äî All Rokeby Farms products are now available with Subscribe & Save ¬∑ Enjoy 5% off on every recurring order!",
          "source": "Source: bulkeatswarehouse.com.au (https://bulkeatswarehouse.com.au/collections/rokeby-farms?srsltid=AfmBOor6oarDx_IPDf159c9EL9eQwXX8n14gx1vpjMrGlr10qZ4zQgwm)"
        },
        {
          "claim": "Rokeby Nutrition ‚Äî Rokeby is a nutrition food company based in Melbourne. We make a range of award-winning dairy products to enjoy as part of a healthy lifestyle.",
          "source": "Source: rokebynutrition.com (https://rokebynutrition.com/)"
        },
        {
          "claim": "ROKEBY FARM Archives ‚Äî ROKEBY FARM offers Bold Brew drinks in flavors like Double Shot, Iced Mocha, and Iced Latte, and Protein Smoothies in flavors like Banana Honey & Cinnamon, ...",
          "source": "Source: coast2coastdistributors.com.au (https://coast2coastdistributors.com.au/product-category/alternate-flavoured-milks/rokeby-farm-alternate-flavoured-milks/)"
        },
        {
          "claim": "Shop Rokeby Products Online ‚Äî Shop your way at Coles. Our range of Rokeby products at everyday low prices you know and trust. Shop online and get home delivery or ...",
          "source": "Source: coles.com.au (https://www.coles.com.au/brands/rokeby-811816065?srsltid=AfmBOop9dnVgblMzb0AKajWg_OilDB9BIOzgQmQXynZr2Vt3zHlm3A-e)"
        },
        {
          "claim": "Rokeby Farms Protein Smoothie - Dutch Chocolate ‚Äî $4.95. Rokeby Farms Whole Protein Smoothie! Loaded with real cocoa for natural chocolate goodness. Ingredients: Filtered low fat milk, cane sugar, cream, dutch ...",
          "source": "Source: athletesnutrition.com.au (https://athletesnutrition.com.au/products/copy-of-rokeby-farms-protein-smoothie-banana-honey-cinnamon?srsltid=AfmBOopwuArEAMTQsdUswAhgf4qe8xQLZ0MEHrJwVeh5quVK1ZxLYReF)"
        },
        {
          "claim": "üéâüéâ COMPETITION: To share some smoothie love we are ... ‚Äî COMPETITION: To share some smoothie love we are giving away one lucky Rokeby Farms fan a year's supply of our smoothies! To enter: 1. Like ...",
          "source": "Source: instagram.com (https://www.instagram.com/p/CTTJ7b1PNIQ/)"
        },
        {
          "claim": "Competition/Antitrust & Consumer ‚Äî acquisition of a 45% interest in the Made Group (owners of the Cocobella, Rokeby Farms, Impressed Juice and Nutrient Water brands), together with its bottler, ...",
          "source": "Source: addisons.com (https://addisons.com/capabilities/competition-consumer-antitrust/)"
        },
        {
          "claim": "Our brands ‚Äî Rokeby is a functional dairy brand offering a range of high quality products that deliver natural straight-up nutrition to smartly power active people through ...",
          "source": "Source: madegroup.com (https://www.madegroup.com/our-brands)"
        },
        {
          "claim": "About Rokeby ‚Äî Rokeby products are naturally high in protein, made from fresh locally sourced milk and trusted quality ingredients, to help you smartly power through your day.",
          "source": "Source: rokebynutrition.com (https://rokebynutrition.com/pages/about-rokeby)"
        },
        {
          "claim": "Rokeby Farms: Premium protein driving significant growth ‚Äî Rokeby Farms innovative Whole Protein Breakfast Smoothies are made with fresh, cold-filtered milk that contains twice the protein of regular milk and no added ...",
          "source": "Source: c-store.com.au (https://www.c-store.com.au/rokeby-farms-premium-protein-driving-significant-growth/)"
        }
      ],
      "promos": [
        {
          "brand": "ROKEBYNUTRITION",
          "url": "https://rokebynutrition.com/",
          "source": "Source: rokebynutrition.com (https://rokebynutrition.com/)",
          "title": "Rokeby Nutrition",
          "headline": "Rokeby is a nutrition food company based in Melbourne. We make a range of award-winning dairy products to enjoy as part of a healthy lifestyle.",
          "type": "PRIZE",
          "heroCount": null,
          "totalWinners": null,
          "cadence": null,
          "prizeItems": [
            "car",
            "data",
            "tv"
          ],
          "prizeValueHint": null,
          "confidence": 0.6,
          "viaRedemption": false,
          "giftCard": null
        },
        {
          "brand": "RMHHOMELOTTERY",
          "url": "https://www.rmhhomelottery.com.au/pdfs/rmh-mel-2025-2-winners-FA.pdf",
          "source": "Source: rmhhomelottery.com.au (https://www.rmhhomelottery.com.au/pdfs/rmh-mel-2025-2-winners-FA.pdf)",
          "title": "Congratulations",
          "headline": "Congratulations to our. $5.3M Grand Prize winner! Rowena of Swifts Creek (#10134243) has won this fully furnished home in Camberwell. Win big ...",
          "type": "PRIZE",
          "heroCount": null,
          "totalWinners": null,
          "cadence": null,
          "prizeItems": [
            "data",
            "tv",
            "car",
            "cash",
            "holiday"
          ],
          "prizeValueHint": "$39",
          "confidence": 0.6,
          "viaRedemption": false,
          "giftCard": null
        },
        {
          "brand": "ADDISONS",
          "url": "https://addisons.com/capabilities/competition-consumer-antitrust/",
          "source": "Source: addisons.com (https://addisons.com/capabilities/competition-consumer-antitrust/)",
          "title": "Competition/Antitrust &amp; Consumer | Addisons | Sydney Law Firm",
          "headline": "Competition/Antitrust &#038; Consumer",
          "type": "PRIZE",
          "heroCount": null,
          "totalWinners": null,
          "cadence": null,
          "prizeItems": [
            "car",
            "data",
            "plan"
          ],
          "prizeValueHint": "$534",
          "confidence": 0.6,
          "viaRedemption": false,
          "giftCard": null
        },
        {
          "brand": "DIAA",
          "url": "https://diaa.asn.au/wp-content/uploads/2019_DIAA_Vic_Results.pdf",
          "source": "Source: diaa.asn.au (https://diaa.asn.au/wp-content/uploads/2019_DIAA_Vic_Results.pdf)",
          "title": "DIAA Victorian Dairy Product Competition",
          "headline": "Rokeby Farms Whole Protein Smoothie. Chocolate. 17.00. Bulla Dairy Foods. Bulla ... Victorian Dairy Product Competitions visit: www.diaa.asn.au. Dairy Industry.",
          "type": "PRIZE",
          "heroCount": null,
          "totalWinners": null,
          "cadence": null,
          "prizeItems": [
            "data",
            "tv",
            "car"
          ],
          "prizeValueHint": "$06",
          "confidence": 0.6,
          "viaRedemption": false,
          "giftCard": null
        },
        {
          "brand": "FOODANDDRINKBUSINESS",
          "url": "https://www.foodanddrinkbusiness.com.au/news/rethinking-the-white-drink",
          "source": "Source: foodanddrinkbusiness.com.au (https://www.foodanddrinkbusiness.com.au/news/rethinking-the-white-drink)",
          "title": "Rethinking the white drink - Food &amp; Drink Business",
          "headline": "Rethinking the white drink",
          "type": "PRIZE",
          "heroCount": null,
          "totalWinners": null,
          "cadence": null,
          "prizeItems": [
            "data",
            "car",
            "plan",
            "tv"
          ],
          "prizeValueHint": null,
          "confidence": 0.6,
          "viaRedemption": false,
          "giftCard": null
        },
        {
          "brand": "Rokeby Farms",
          "url": "https://www.retailbiz.com.au/offline-retailing/rokeby-farms-premium-protein-driving-significant-growth/",
          "source": "Source: retailbiz.com.au (https://www.retailbiz.com.au/offline-retailing/rokeby-farms-premium-protein-driving-significant-growth/)",
          "title": "Rokeby Farms: Premium protein driving significant growth - retailbiz",
          "headline": "Rokeby Farms sources fresh milk from a selection of farms located in Victoria, which is then delivered to its new manufacturing facility located ...",
          "type": "PRIZE",
          "heroCount": null,
          "totalWinners": null,
          "cadence": null,
          "prizeItems": [
            "car",
            "data",
            "plan",
            "plans",
            "tv"
          ],
          "prizeValueHint": "$10",
          "confidence": 0.6,
          "viaRedemption": false,
          "giftCard": null
        },
        {
          "brand": "WHATSINSEASON",
          "url": "https://www.whatsinseason.com.au/blog/turn-fries-into-cash-win-200k/",
          "source": "Source: whatsinseason.com.au (https://www.whatsinseason.com.au/blog/turn-fries-into-cash-win-200k/)",
          "title": "Turn Fries into Cash - Win $200K - Welcome - InSeason",
          "headline": "Turn Fries into Cash &#8211; Win $200K",
          "type": "PRIZE",
          "heroCount": null,
          "totalWinners": null,
          "cadence": "weekly",
          "prizeItems": [
            "data",
            "cash",
            "car",
            "tv"
          ],
          "prizeValueHint": "$200",
          "confidence": 0.6,
          "viaRedemption": false,
          "giftCard": null
        },
        {
          "brand": "PRIESTLEYS-GOURMET",
          "url": "https://www.priestleys-gourmet.com.au/",
          "source": "Source: priestleys-gourmet.com.au (https://www.priestleys-gourmet.com.au/)",
          "title": "Wholesale Cakes, Desserts &amp; Baked Goods for Cafes &amp; Businesses | Priestley&#039;s Gourmet Delights",
          "headline": "Homepage #New",
          "type": "PRIZE",
          "heroCount": null,
          "totalWinners": null,
          "cadence": null,
          "prizeItems": [
            "data",
            "car",
            "tv",
            "trip"
          ],
          "prizeValueHint": null,
          "confidence": 0.6,
          "viaRedemption": false,
          "giftCard": null
        },
        {
          "brand": "GOURMET-DELIGHTS",
          "url": "https://gourmet-delights.com.au/",
          "source": "Source: gourmet-delights.com.au (https://gourmet-delights.com.au/)",
          "title": "Gourmet Delights &#8211; A Little Bite of Heaven.",
          "headline": "Your perfect partner for me time moments.",
          "type": "PRIZE",
          "heroCount": null,
          "totalWinners": null,
          "cadence": null,
          "prizeItems": [
            "data",
            "car"
          ],
          "prizeValueHint": null,
          "confidence": 0.6,
          "viaRedemption": false,
          "giftCard": null
        },
        {
          "brand": "PRIESTLEYS-GOURMET",
          "url": "https://www.priestleys-gourmet.com.au/blog",
          "source": "Source: priestleys-gourmet.com.au (https://www.priestleys-gourmet.com.au/blog)",
          "title": "Priestley&#039;s Blog | Priestley&#039;s Gourmet Delights",
          "headline": "Priestley&#8217;s Blog",
          "type": "PRIZE",
          "heroCount": null,
          "totalWinners": null,
          "cadence": null,
          "prizeItems": [
            "data",
            "car",
            "tv",
            "holiday",
            "trip"
          ],
          "prizeValueHint": null,
          "confidence": 0.6,
          "viaRedemption": false,
          "giftCard": null
        },
        {
          "brand": "PRIESTLEYS-GOURMET",
          "url": "https://www.priestleys-gourmet.com.au/insight/podcasts",
          "source": "Source: priestleys-gourmet.com.au (https://www.priestleys-gourmet.com.au/insight/podcasts)",
          "title": "Podcasts | Priestley&#039;s Gourmet Delights",
          "headline": "Podcasts",
          "type": "PRIZE",
          "heroCount": null,
          "totalWinners": null,
          "cadence": null,
          "prizeItems": [
            "data",
            "car",
            "tv",
            "trip"
          ],
          "prizeValueHint": null,
          "confidence": 0.6,
          "viaRedemption": false,
          "giftCard": null
        },
        {
          "brand": "COURIERMAIL",
          "url": "https://www.couriermail.com.au/news/national/back-australia/how-priestleys-gourmet-delights-thrives-with-automation-while-supporting-more-australian-jobs/news-story/9b8e562ce4d2b5c64e80fb04cd3c62b2",
          "source": "Source: couriermail.com.au (https://www.couriermail.com.au/news/national/back-australia/how-priestleys-gourmet-delights-thrives-with-automation-while-supporting-more-australian-jobs/news-story/9b8e562ce4d2b5c64e80fb04cd3c62b2)",
          "title": "No Cookies | The Courier Mail",
          "headline": "No Cookies",
          "type": "PRIZE",
          "heroCount": null,
          "totalWinners": null,
          "cadence": null,
          "prizeItems": [
            "car",
            "data",
            "plan",
            "tv"
          ],
          "prizeValueHint": null,
          "confidence": 0.6,
          "viaRedemption": false,
          "giftCard": null
        },
        {
          "brand": "Jillian's Cakery",
          "url": "https://www.easyweddings.com.au/WeddingCakes/Sydney/JilliansCakery/",
          "source": "Source: easyweddings.com.au (https://www.easyweddings.com.au/WeddingCakes/Sydney/JilliansCakery/)",
          "title": "Jillian&#39;s Cakery - Wedding Cakes Surry Hills | Easy Weddings",
          "headline": "Jillian&#39;s Cakery",
          "type": "PRIZE",
          "heroCount": null,
          "totalWinners": null,
          "cadence": null,
          "prizeItems": [
            "data",
            "tv",
            "car",
            "plan",
            "cash"
          ],
          "prizeValueHint": null,
          "confidence": 0.6,
          "viaRedemption": false,
          "giftCard": null
        },
        {
          "brand": "Jillian's Cakery",
          "url": "https://www.sydneycakery.com.au/product/jillians-cakery-online-gift-card-redeemable-online-only/",
          "source": "Source: sydneycakery.com.au (https://www.sydneycakery.com.au/product/jillians-cakery-online-gift-card-redeemable-online-only/)",
          "title": "Jillian&#039;s Cakery Online Gift Card (redeemable online only) &#183; Sydney Cakery",
          "headline": "Jillian&#8217;s Cakery Online Gift Card (redeemable online only)",
          "type": "PRIZE",
          "heroCount": null,
          "totalWinners": null,
          "cadence": null,
          "prizeItems": [
            "gift card",
            "car",
            "data",
            "tv",
            "trip",
            "plan",
            "cash",
            "giftcard"
          ],
          "prizeValueHint": "$10",
          "confidence": 0.6,
          "viaRedemption": false,
          "giftCard": null
        },
        {
          "brand": "THATGIRLFROMSYDNEY",
          "url": "https://thatgirlfromsydney.com/2020/02/27/who-is-jillian-and-what-does-she-do/",
          "source": "Source: thatgirlfromsydney.com (https://thatgirlfromsydney.com/2020/02/27/who-is-jillian-and-what-does-she-do/)",
          "title": "Who Is Jillian And What Does She Do? &#8211; That Girl from Sydney",
          "headline": "Who Is Jillian And What Does She&nbsp;Do?",
          "type": "PRIZE",
          "heroCount": null,
          "totalWinners": null,
          "cadence": null,
          "prizeItems": [
            "car",
            "data",
            "plan",
            "tv"
          ],
          "prizeValueHint": null,
          "confidence": 0.6,
          "viaRedemption": false,
          "giftCard": null
        },
        {
          "brand": "Jillian's Cakery",
          "url": "https://www.theurbanlist.com/sydney/directory/jillian-s-cakery",
          "source": "Source: theurbanlist.com (https://www.theurbanlist.com/sydney/directory/jillian-s-cakery)",
          "title": "Jillian's Cakery | URBAN LIST SYDNEY",
          "headline": "Jillian‚Äôs Cakery",
          "type": "PRIZE",
          "heroCount": null,
          "totalWinners": null,
          "cadence": null,
          "prizeItems": [
            "tv",
            "data",
            "car"
          ],
          "prizeValueHint": null,
          "confidence": 0.6,
          "viaRedemption": false,
          "giftCard": null
        },
        {
          "brand": "YOUTUBE",
          "url": "https://www.youtube.com/c/jillianbutler",
          "source": "Source: youtube.com (https://www.youtube.com/c/jillianbutler)",
          "title": "Jillian Butler - YouTube",
          "headline": "I started a successful cake shop in Sydney called Jillian's Cakery that I ran for 7 years and there were lots of lessons that I learned along the way. Now ...",
          "type": "PRIZE",
          "heroCount": null,
          "totalWinners": null,
          "cadence": null,
          "prizeItems": [
            "data",
            "tv",
            "car"
          ],
          "prizeValueHint": null,
          "confidence": 0.6,
          "viaRedemption": false,
          "giftCard": null
        },
        {
          "brand": "Belle Fleur",
          "url": "https://bellefleur.com.au/",
          "source": "Source: bellefleur.com.au (https://bellefleur.com.au/)",
          "title": "Homepage | Belle Fleur Fine Chocolates | Chocolate Sydney",
          "headline": "Handmade chocolates that taste sensational. Choose from over 45 traditional and contemporary flavours in-store.Jump to",
          "type": "PRIZE",
          "heroCount": null,
          "totalWinners": null,
          "cadence": null,
          "prizeItems": [
            "car",
            "data",
            "tv",
            "trip",
            "gift card"
          ],
          "prizeValueHint": null,
          "confidence": 0.6,
          "viaRedemption": false,
          "giftCard": null
        },
        {
          "brand": "ADAIRS",
          "url": "https://www.adairs.com.au/terms-conditions/competitions/?srsltid=AfmBOoqdmhyAkjp-0mo6YgOOktDktJHmHAKnYF3zeB9uw5Neg7BZ2F6C",
          "source": "Source: adairs.com.au (https://www.adairs.com.au/terms-conditions/competitions/?srsltid=AfmBOoqdmhyAkjp-0mo6YgOOktDktJHmHAKnYF3zeB9uw5Neg7BZ2F6C)",
          "title": "Past Competitions | Adairs",
          "headline": "The 'Draw 3' winner is Edith Pullen. The 'Draw 4' winner is Vibeke Foss. The 'Adairs Kids Fur Cushions & Throw Competition' commenced at 12:00am AEST on the 14 ...Jump to",
          "type": "PRIZE",
          "heroCount": 3,
          "totalWinners": null,
          "cadence": null,
          "prizeItems": [
            "data",
            "car",
            "trip",
            "plan",
            "washer",
            "gift card",
            "tv",
            "voucher",
            "cash"
          ],
          "prizeValueHint": "$30",
          "confidence": 0.6,
          "viaRedemption": false,
          "giftCard": null
        },
        {
          "brand": "RMHHOMELOTTERY",
          "url": "https://www.rmhhomelottery.com.au/on/demandware.static/Sites-RML_MEL-Site/Sites-RML_MEL-Library/-/pdfs/rmh-mel-2025-1-winners-FA-2.pdf",
          "source": "Source: rmhhomelottery.com.au (https://www.rmhhomelottery.com.au/on/demandware.static/Sites-RML_MEL-Site/Sites-RML_MEL-Library/-/pdfs/rmh-mel-2025-1-winners-FA-2.pdf)",
          "title": "Congratulations",
          "headline": "Congratulations to our Early Bird winner! Jeffrey from Bulleen (#008153) has won the half a million Early Bird Prize! EARLY BIRD PRIZE.Jump to",
          "type": "PRIZE",
          "heroCount": null,
          "totalWinners": null,
          "cadence": null,
          "prizeItems": [
            "data",
            "tv",
            "cash",
            "holiday",
            "car",
            "plan"
          ],
          "prizeValueHint": "$39",
          "confidence": 0.6,
          "viaRedemption": false,
          "giftCard": null
        },
        {
          "brand": "ROCKYSHOW",
          "url": "https://www.rockyshow.com.au/Competitions/Animals-Competitions/Horse-Competition-Program",
          "source": "Source: rockyshow.com.au (https://www.rockyshow.com.au/Competitions/Animals-Competitions/Horse-Competition-Program)",
          "title": "Horse Competition Program Rockhampton Show",
          "headline": "Horse Competition Program",
          "type": "PRIZE",
          "heroCount": null,
          "totalWinners": null,
          "cadence": null,
          "prizeItems": [
            "car",
            "tv",
            "data",
            "plan"
          ],
          "prizeValueHint": null,
          "confidence": 0.6,
          "viaRedemption": false,
          "giftCard": null
        },
        {
          "brand": "BELLEFLEUR",
          "url": "https://bellefleur.com.au/occasions/",
          "source": "Source: bellefleur.com.au (https://bellefleur.com.au/occasions/)",
          "title": "Special Occasions &amp; Events | Belle Fleur Fine Chocolates",
          "headline": "Occasions",
          "type": "PRIZE",
          "heroCount": null,
          "totalWinners": null,
          "cadence": null,
          "prizeItems": [
            "car",
            "data",
            "tv",
            "trip",
            "gift card"
          ],
          "prizeValueHint": null,
          "confidence": 0.6,
          "viaRedemption": false,
          "giftCard": null
        },
        {
          "brand": "MARKETINGBEE",
          "url": "https://marketingbee.com.au/sharon-latour-returns-as-a-judge-for-the-2025-australian-web-awards/",
          "source": "Source: marketingbee.com.au (https://marketingbee.com.au/sharon-latour-returns-as-a-judge-for-the-2025-australian-web-awards/)",
          "title": "Sharon Latour Returns as a Judge for the 2025 Australian Web Awards - Marketing Bee",
          "headline": "Sharon Latour Returns as a Judge for the 2025 Australian Web Awards",
          "type": "PRIZE",
          "heroCount": null,
          "totalWinners": null,
          "cadence": null,
          "prizeItems": [
            "car",
            "data",
            "tv"
          ],
          "prizeValueHint": null,
          "confidence": 0.6,
          "viaRedemption": false,
          "giftCard": null
        },
        {
          "brand": "Beak & Johnston",
          "url": "https://www.beakandjohnston.com.au/",
          "source": "Source: beakandjohnston.com.au (https://www.beakandjohnston.com.au/)",
          "title": "Home - Quality Food Manufacturer | Beak &amp; Johnston",
          "headline": "Beak & Johnston is a proudly Australian, privately owned fresh food business with over 39 years of experience delivering innovative, value-added meal solutions.",
          "type": "PRIZE",
          "heroCount": null,
          "totalWinners": null,
          "cadence": null,
          "prizeItems": [
            "car",
            "data",
            "plan"
          ],
          "prizeValueHint": null,
          "confidence": 0.6,
          "viaRedemption": false,
          "giftCard": null
        },
        {
          "brand": "BEAKANDJOHNSTON",
          "url": "https://www.beakandjohnston.com.au/about-us/",
          "source": "Source: beakandjohnston.com.au (https://www.beakandjohnston.com.au/about-us/)",
          "title": "About Us - Quality Food Manufacturer | Beak &amp; Johnston",
          "headline": "Beak & Johnston was founded in 1986 by David Beak, bringing together four generations of global meat industry knowledge.",
          "type": "PRIZE",
          "heroCount": null,
          "totalWinners": null,
          "cadence": null,
          "prizeItems": [
            "car",
            "data",
            "plan"
          ],
          "prizeValueHint": "$15",
          "confidence": 0.6,
          "viaRedemption": false,
          "giftCard": null
        },
        {
          "brand": "BAKINGBUSINESS",
          "url": "https://bakingbusiness.com.au/wp-content/uploads/2019/10/2019-fine-food-catalogue-web.pdf",
          "source": "Source: bakingbusiness.com.au (https://bakingbusiness.com.au/wp-content/uploads/2019/10/2019-fine-food-catalogue-web.pdf)",
          "title": "Sydney Royal Fine Food Show - Baking Business",
          "headline": "It draws from Sydney Royal Champions throughout the year, examines, and celebrates truly inspirational, innovative agricultural food and beverage achievers.",
          "type": "PRIZE",
          "heroCount": null,
          "totalWinners": null,
          "cadence": null,
          "prizeItems": [
            "data",
            "tv",
            "car"
          ],
          "prizeValueHint": "$224",
          "confidence": 0.6,
          "viaRedemption": false,
          "giftCard": null
        },
        {
          "brand": "ISSUU",
          "url": "https://issuu.com/theintermediagroup/docs/c_i_retailing_magazine_august-september_2025",
          "source": "Source: issuu.com (https://issuu.com/theintermediagroup/docs/c_i_retailing_magazine_august-september_2025)",
          "title": "C&amp;amp;I Retailing Magazine August-September 2025 by The Intermedia Group - Issuu",
          "headline": "C&amp;I Retailing Magazine August-September 2025",
          "type": "PRIZE",
          "heroCount": null,
          "totalWinners": null,
          "cadence": null,
          "prizeItems": [
            "car",
            "data",
            "tv",
            "plans",
            "plan"
          ],
          "prizeValueHint": "$29",
          "confidence": 0.6,
          "viaRedemption": false,
          "giftCard": null
        },
        {
          "brand": "Beak & Johnston",
          "url": "https://www.accc.gov.au/media-release/woolworths%E2%80%99-proposed-acquisition-of-beak-johnston-not-opposed",
          "source": "Source: accc.gov.au (https://www.accc.gov.au/media-release/woolworths%E2%80%99-proposed-acquisition-of-beak-johnston-not-opposed)",
          "title": "Woolworths‚Äô proposed acquisition of Beak &amp; Johnston not opposed | ACCC",
          "headline": "The ACCC will not oppose Woolworths Group Limited's (ASX:WOW) proposed acquisition of Beak & Johnston Holdings Pty Ltd (B&J).",
          "type": "PRIZE",
          "heroCount": null,
          "totalWinners": null,
          "cadence": null,
          "prizeItems": [
            "data",
            "car"
          ],
          "prizeValueHint": null,
          "confidence": 0.6,
          "viaRedemption": false,
          "giftCard": null
        },
        {
          "brand": "Beak & Johnston",
          "url": "https://www.just-food.com/news/woolworths-beak-johnston-deal-approved/",
          "source": "Source: just-food.com (https://www.just-food.com/news/woolworths-beak-johnston-deal-approved/)",
          "title": "ACCC waves through Woolworths‚Äô Beak &amp; Johnston deal",
          "headline": "Australia regulator waves through Woolworths‚Äô Beak &#038; Johnston deal",
          "type": "PRIZE",
          "heroCount": null,
          "totalWinners": null,
          "cadence": null,
          "prizeItems": [
            "data",
            "car",
            "plan",
            "tv"
          ],
          "prizeValueHint": null,
          "confidence": 0.6,
          "viaRedemption": false,
          "giftCard": null
        },
        {
          "brand": "Beak & Johnston",
          "url": "https://morganenglishlawyers.com.au/morgan-english-advises-beak-johnston-group-on-strategic-sale-to-woolworths/",
          "source": "Source: morganenglishlawyers.com.au (https://morganenglishlawyers.com.au/morgan-english-advises-beak-johnston-group-on-strategic-sale-to-woolworths/)",
          "title": "Morgan + English Advises Beak &amp; Johnston Group on Strategic Sale to Woolworths | Morgan English Lawyers",
          "headline": "Morgan + English Advises Beak &#038; Johnston Group on Strategic Sale to Woolworths",
          "type": "PRIZE",
          "heroCount": null,
          "totalWinners": null,
          "cadence": null,
          "prizeItems": [
            "data",
            "car",
            "cash",
            "trip",
            "plan",
            "tv"
          ],
          "prizeValueHint": null,
          "confidence": 0.6,
          "viaRedemption": false,
          "giftCard": null
        },
        {
          "brand": "Beak & Johnston",
          "url": "https://www.comcom.govt.nz/news-and-media/news-and-events/2025/woolworths-seeks-clearance-to-acquire-beak-and-johnston/",
          "source": "Source: comcom.govt.nz (https://www.comcom.govt.nz/news-and-media/news-and-events/2025/woolworths-seeks-clearance-to-acquire-beak-and-johnston/)",
          "title": "Woolworths seeks clearance to acquire Beak &amp; Johnston | Commerce Commission",
          "headline": "We will give clearance to a proposed merger if we are satisfied that the merger is unlikely to have the effect of substantially lessening ...",
          "type": "PRIZE",
          "heroCount": null,
          "totalWinners": null,
          "cadence": null,
          "prizeItems": [
            "trip",
            "car",
            "data",
            "plan"
          ],
          "prizeValueHint": null,
          "confidence": 0.6,
          "viaRedemption": false,
          "giftCard": null
        },
        {
          "brand": "Beak & Johnston",
          "url": "https://insideretail.com.au/news/woolworths-seeks-clearance-to-buy-beak-johnston-202501",
          "source": "Source: insideretail.com.au (https://insideretail.com.au/news/woolworths-seeks-clearance-to-buy-beak-johnston-202501)",
          "title": "Woolworths seeks clearance to buy Beak &amp; Johnston - Inside Retail Australia",
          "headline": "Woolworths seeks clearance to buy Beak &amp; Johnston",
          "type": "PRIZE",
          "heroCount": null,
          "totalWinners": null,
          "cadence": null,
          "prizeItems": [
            "data",
            "car",
            "trip"
          ],
          "prizeValueHint": "$110",
          "confidence": 0.6,
          "viaRedemption": false,
          "giftCard": null
        },
        {
          "brand": "Carman's",
          "url": "https://carmanskitchen.com.au/carmans-quarterly-care-package-giveaway-2025/",
          "source": "Source: carmanskitchen.com.au (https://carmanskitchen.com.au/carmans-quarterly-care-package-giveaway-2025/)",
          "title": "Carman‚Äôs Quarterly Care Package Giveaway Terms &amp; Conditions 2025 | Carman's Kitchen",
          "headline": "Carman‚Äôs Quarterly Care Package Giveaway Terms &#038; Conditions 2025",
          "type": "PRIZE",
          "heroCount": null,
          "totalWinners": null,
          "cadence": null,
          "prizeItems": [
            "data",
            "car",
            "plan",
            "cash",
            "tv"
          ],
          "prizeValueHint": "$100",
          "confidence": 0.6,
          "viaRedemption": false,
          "giftCard": null
        },
        {
          "brand": "Carman's",
          "url": "https://carmanskitchen.com.au/fun-run-giveaway-terms-conditions/",
          "source": "Source: carmanskitchen.com.au (https://carmanskitchen.com.au/fun-run-giveaway-terms-conditions/)",
          "title": "Carman‚Äôs Fun Run Giveaway Terms &amp; Conditions | Carman's Kitchen",
          "headline": "Carman&#8217;s Fun Run Giveaway Terms &#038; Conditions",
          "type": "PRIZE",
          "heroCount": 1,
          "totalWinners": null,
          "cadence": "instant",
          "prizeItems": [
            "data",
            "car",
            "plan",
            "voucher",
            "cash",
            "tv"
          ],
          "prizeValueHint": "$200",
          "confidence": 0.6,
          "viaRedemption": false,
          "giftCard": null
        },
        {
          "brand": "CARMANSKITCHEN",
          "url": "https://carmanskitchen.com.au/porridge-competition-terms-conditions/",
          "source": "Source: carmanskitchen.com.au (https://carmanskitchen.com.au/porridge-competition-terms-conditions/)",
          "title": "Porridge Competition Terms &amp; Conditions | Carman's Kitchen",
          "headline": "Porridge Competition Terms &#038; Conditions",
          "type": "PRIZE",
          "heroCount": null,
          "totalWinners": null,
          "cadence": null,
          "prizeItems": [
            "data",
            "car",
            "plan",
            "cash",
            "tv"
          ],
          "prizeValueHint": "$250",
          "confidence": 0.6,
          "viaRedemption": false,
          "giftCard": null
        },
        {
          "brand": "CARMANSKITCHEN",
          "url": "https://carmanskitchen.com.au/win-a-trip-to-byron-terms-and-conditions/",
          "source": "Source: carmanskitchen.com.au (https://carmanskitchen.com.au/win-a-trip-to-byron-terms-and-conditions/)",
          "title": "Win a Trip to Byron Terms and Conditions | Carman's Kitchen",
          "headline": "Win a Trip to Byron Terms and Conditions",
          "type": "PRIZE",
          "heroCount": null,
          "totalWinners": null,
          "cadence": "instant",
          "prizeItems": [
            "data",
            "car",
            "trip",
            "plan",
            "holiday",
            "voucher",
            "cash",
            "tv"
          ],
          "prizeValueHint": "$11,805",
          "confidence": 0.6,
          "viaRedemption": false,
          "giftCard": null
        },
        {
          "brand": "Carman's",
          "url": "https://solemotive.com/pages/carmans-fun-run-syd-10k?srsltid=AfmBOooHB3xkXtaoGZ9mG-_L0--9mW5jbbRWm1pnggI7e99sIs6BVcnZ",
          "source": "Source: solemotive.com (https://solemotive.com/pages/carmans-fun-run-syd-10k?srsltid=AfmBOooHB3xkXtaoGZ9mG-_L0--9mW5jbbRWm1pnggI7e99sIs6BVcnZ)",
          "title": "Carman&#39;s Fun Run Sydney 2025 - 10K | Sole Motive",
          "headline": "The Carman's Fun Run Sydney 2025 is on 21 September at Metcalfe Park, Pyrmont, with a 9:00am start. The course is a flat 2 lap with Sydney views.",
          "type": "PRIZE",
          "heroCount": null,
          "totalWinners": null,
          "cadence": null,
          "prizeItems": [
            "data",
            "car",
            "trip",
            "tv",
            "cash"
          ],
          "prizeValueHint": "$80",
          "confidence": 0.6,
          "viaRedemption": false,
          "giftCard": null
        },
        {
          "brand": "Carman's",
          "url": "https://solemotive.com/pages/carmans-fun-run-syd-home?srsltid=AfmBOorQvL6V5sSGXodJyYnpq2M5S1edAD0ntuyCApEKW69H8iURTuCJ",
          "source": "Source: solemotive.com (https://solemotive.com/pages/carmans-fun-run-syd-home?srsltid=AfmBOorQvL6V5sSGXodJyYnpq2M5S1edAD0ntuyCApEKW69H8iURTuCJ)",
          "title": "Carman&#39;s Fun Run Sydney 2025 | Sole Motive",
          "headline": "BCNA MERCHANDISE STAND &amp; MINI-FIELD OF WOMEN",
          "type": "PRIZE",
          "heroCount": null,
          "totalWinners": null,
          "cadence": null,
          "prizeItems": [
            "data",
            "car",
            "trip",
            "tv",
            "cash",
            "plan"
          ],
          "prizeValueHint": "$60",
          "confidence": 0.6,
          "viaRedemption": false,
          "giftCard": null
        },
        {
          "brand": "Carman's",
          "url": "https://solemotive.com/pages/carmans-fun-run-mel-home?srsltid=AfmBOorSgV-UdaNVOUP8CKAqEEIrYHFLflLVAtbLwxYAcUtICnE2zL_9",
          "source": "Source: solemotive.com (https://solemotive.com/pages/carmans-fun-run-mel-home?srsltid=AfmBOorSgV-UdaNVOUP8CKAqEEIrYHFLflLVAtbLwxYAcUtICnE2zL_9)",
          "title": "Carman&#39;s Fun Run Melbourne 2026 | Sole Motive",
          "headline": "BCNA MERCHANDISE STAND",
          "type": "PRIZE",
          "heroCount": null,
          "totalWinners": null,
          "cadence": null,
          "prizeItems": [
            "data",
            "car",
            "trip",
            "tv",
            "cash",
            "plan"
          ],
          "prizeValueHint": "$60",
          "confidence": 0.6,
          "viaRedemption": false,
          "giftCard": null
        },
        {
          "brand": "Carman's",
          "url": "https://www.bcna.org.au/event-directory/major-events/carman-s-fun-run-2025-sydney/",
          "source": "Source: bcna.org.au (https://www.bcna.org.au/event-directory/major-events/carman-s-fun-run-2025-sydney/)",
          "title": "Carman&#x2019;s Fun Run 2025 - Sydney",
          "headline": "Run, jog or walk 21.1K, 10K, or 5K and make your run count by raising funds to help Australians affected by breast cancer. Secure your spot now and help us turn ...",
          "type": "PRIZE",
          "heroCount": null,
          "totalWinners": null,
          "cadence": null,
          "prizeItems": [
            "data",
            "car",
            "tv"
          ],
          "prizeValueHint": "$30",
          "confidence": 0.6,
          "viaRedemption": false,
          "giftCard": null
        },
        {
          "brand": "Carman's",
          "url": "https://www.bcna.org.au/event-directory/major-events/carman-s-fun-run-2025-melbourne/",
          "source": "Source: bcna.org.au (https://www.bcna.org.au/event-directory/major-events/carman-s-fun-run-2025-melbourne/)",
          "title": "Carman&#x2019;s Fun Run 2025 - Melbourne",
          "headline": "Carman's Fun Run 2025 is on Feb 16 at Elsternwick Park, Brighton, with half-marathon, 10km, 5km run and 5km walk options. It starts at 5:45 am and ends at 1:00 ...",
          "type": "PRIZE",
          "heroCount": null,
          "totalWinners": null,
          "cadence": null,
          "prizeItems": [
            "data",
            "car",
            "tv"
          ],
          "prizeValueHint": "$30",
          "confidence": 0.6,
          "viaRedemption": false,
          "giftCard": null
        },
        {
          "brand": "PAULSPROMO",
          "url": "https://www.paulspromo.com.au/",
          "source": "Source: paulspromo.com.au (https://www.paulspromo.com.au/)",
          "title": "Paul&#039;s Kids Yoghurt Minions Promotion",
          "headline": "Open to AU res 18+. Starts: 17/3/25:12AM AEDT. Ends: 30/5/25:11.59PM AEST. Max 1 entry per transaction. Retain receipts. Draw: 51A/23 Norton St, Leichhardt, NSW ...",
          "type": "PRIZE",
          "heroCount": null,
          "totalWinners": null,
          "cadence": null,
          "prizeItems": [
            "data",
            "tv",
            "trip"
          ],
          "prizeValueHint": "$17,225",
          "confidence": 0.6,
          "viaRedemption": false,
          "giftCard": null
        },
        {
          "brand": "REDDYEXPRESS",
          "url": "https://www.reddyexpress.com.au/terms-and-conditions/peel-N-win",
          "source": "Source: reddyexpress.com.au (https://www.reddyexpress.com.au/terms-and-conditions/peel-N-win)",
          "title": "Reddy, Set, Peel &amp; Win - T&amp;Cs | Reddy Express",
          "headline": "All prize claims and entries into the unclaimed prize draw must be made by Entrants by no later than 11.59pm (Sydney time) on 30 September 2025. 5.",
          "type": "PRIZE",
          "heroCount": null,
          "totalWinners": null,
          "cadence": "instant",
          "prizeItems": [
            "data",
            "car",
            "gift card",
            "plans",
            "holiday",
            "voucher",
            "cash",
            "trip",
            "giftcard",
            "plan"
          ],
          "prizeValueHint": "$10",
          "confidence": 0.6,
          "viaRedemption": false,
          "giftCard": null
        },
        {
          "brand": "PAULS",
          "url": "https://www.pauls.com.au/",
          "source": "Source: pauls.com.au (https://www.pauls.com.au/)",
          "title": "Pauls Dairy",
          "headline": "We're pretty passionate about making great tasting products packed with real dairy goodness. We put that devotion into every Pauls milk, cream, custard, yoghurt ...",
          "type": "PRIZE",
          "heroCount": null,
          "totalWinners": null,
          "cadence": null,
          "prizeItems": [
            "data",
            "car",
            "tv"
          ],
          "prizeValueHint": null,
          "confidence": 0.6,
          "viaRedemption": false,
          "giftCard": null
        },
        {
          "brand": "SCHOOLFUNDRAISING",
          "url": "https://www.schoolfundraising.com.au/",
          "source": "Source: schoolfundraising.com.au (https://www.schoolfundraising.com.au/)",
          "title": "School Fundraising | Empowering Schools Through Colour Runs",
          "headline": "We're Australia's ultimate school fundraising partner ... When parents use it to create a profile, they go into the draw to win a $500 prize credit.",
          "type": "PRIZE",
          "heroCount": 500,
          "totalWinners": null,
          "cadence": null,
          "prizeItems": [
            "car",
            "data",
            "tv",
            "trip",
            "plan",
            "cash"
          ],
          "prizeValueHint": "$500",
          "confidence": 0.6,
          "viaRedemption": false,
          "giftCard": null
        },
        {
          "brand": "Chobani",
          "url": "https://www.chobani.com.au/chobani-fit-competition-terms-and-conditions/",
          "source": "Source: chobani.com.au (https://www.chobani.com.au/chobani-fit-competition-terms-and-conditions/)",
          "title": "Chobani Fit Competition - Terms and Conditions - Chobani Australia",
          "headline": "Chobani Fit Competition &#8211; Terms and Conditions",
          "type": "PRIZE",
          "heroCount": null,
          "totalWinners": null,
          "cadence": null,
          "prizeItems": [
            "car",
            "data",
            "cash"
          ],
          "prizeValueHint": "$399",
          "confidence": 0.6,
          "viaRedemption": false,
          "giftCard": null
        },
        {
          "brand": "Chobani",
          "url": "https://www.ozbargain.com.au/node/926882",
          "source": "Source: ozbargain.com.au (https://www.ozbargain.com.au/node/926882)",
          "title": "Win a KitchenAid Pure Power Blender + Chobani No Sugar Added Prize Pack from KitchenAid - OzBargain Competitions",
          "headline": "Win a KitchenAid Pure Power Blender + Chobani No Sugar Added Prize Pack from KitchenAid",
          "type": "PRIZE",
          "heroCount": null,
          "totalWinners": null,
          "cadence": null,
          "prizeItems": [
            "car",
            "tv",
            "data",
            "voucher",
            "gift card",
            "cash"
          ],
          "prizeValueHint": "$274",
          "confidence": 0.6,
          "viaRedemption": false,
          "giftCard": null
        },
        {
          "brand": "Chobani",
          "url": "https://www.ozbargain.com.au/competition/chobani.com.au",
          "source": "Source: ozbargain.com.au (https://www.ozbargain.com.au/competition/chobani.com.au)",
          "title": "Chobani: Competitions - OzBargain Competitions",
          "headline": "Chobani &raquo; Competitions",
          "type": "PRIZE",
          "heroCount": null,
          "totalWinners": null,
          "cadence": null,
          "prizeItems": [
            "car",
            "data",
            "voucher",
            "gift card",
            "cash"
          ],
          "prizeValueHint": "$100",
          "confidence": 0.6,
          "viaRedemption": false,
          "giftCard": null
        },
        {
          "brand": "CHOBANI",
          "url": "https://www.chobani.com.au/competition-tscs/",
          "source": "Source: chobani.com.au (https://www.chobani.com.au/competition-tscs/)",
          "title": "Competition - Terms and Conditions 2024 - Chobani Australia",
          "headline": "Chobani Australia Terms and Conditions. View Chobani x Remedy Terms and Conditions ¬∑ View Chobani x Ninja Kitchen Terms and Conditions ...",
          "type": "PRIZE",
          "heroCount": null,
          "totalWinners": null,
          "cadence": null,
          "prizeItems": [
            "car",
            "data"
          ],
          "prizeValueHint": null,
          "confidence": 0.6,
          "viaRedemption": false,
          "giftCard": null
        },
        {
          "brand": "Chobani",
          "url": "https://www.chobani.com.au/",
          "source": "Source: chobani.com.au (https://www.chobani.com.au/)",
          "title": "Chobani Australia",
          "headline": "Real yogurt. Real simple.",
          "type": "PRIZE",
          "heroCount": null,
          "totalWinners": null,
          "cadence": null,
          "prizeItems": [
            "car",
            "data",
            "plan"
          ],
          "prizeValueHint": null,
          "confidence": 0.6,
          "viaRedemption": false,
          "giftCard": null
        },
        {
          "brand": "Sara Lee",
          "url": "https://winwithsaralee.com.au/conditions.html",
          "source": "Source: winwithsaralee.com.au (https://winwithsaralee.com.au/conditions.html)",
          "title": "Sara Lee Waffles 30k Giveaway Instant Win Promotion",
          "headline": "There are 150 prizes to be given away in this Promotion: 12 x AUD$1,000.00 Cash Prize, 13 x AUD$500.00 Mastercard eVouchers and 15 x AUD$250.00 Mastercard ...",
          "type": "PRIZE",
          "heroCount": 150,
          "totalWinners": null,
          "cadence": "instant",
          "prizeItems": [
            "data",
            "cash",
            "car",
            "voucher"
          ],
          "prizeValueHint": "$500",
          "confidence": 0.6,
          "viaRedemption": false,
          "giftCard": null
        },
        {
          "brand": "Sara Lee",
          "url": "https://saralee.com.au/enter-for-your-chance-to-win-our-grocery-giveaway/",
          "source": "Source: saralee.com.au (https://saralee.com.au/enter-for-your-chance-to-win-our-grocery-giveaway/)",
          "title": "Enter for your chance to WIN our Grocery Giveaway! &#8211; Sara Lee",
          "headline": "Enter for your chance to WIN our Grocery Giveaway!",
          "type": "PRIZE",
          "heroCount": null,
          "totalWinners": null,
          "cadence": null,
          "prizeItems": [
            "voucher",
            "data",
            "car",
            "tv"
          ],
          "prizeValueHint": "$200",
          "confidence": 0.6,
          "viaRedemption": false,
          "giftCard": null
        },
        {
          "brand": "Sara Lee",
          "url": "https://saraleefoodservice.com.au/news-promotions/",
          "source": "Source: saraleefoodservice.com.au (https://saraleefoodservice.com.au/news-promotions/)",
          "title": "News &amp; Promotions | Sara Lee Foodservice Australia",
          "headline": "News &#038; Promotions",
          "type": "PRIZE",
          "heroCount": null,
          "totalWinners": null,
          "cadence": null,
          "prizeItems": [
            "data",
            "car",
            "tv"
          ],
          "prizeValueHint": null,
          "confidence": 0.6,
          "viaRedemption": false,
          "giftCard": null
        },
        {
          "brand": "Sara Lee",
          "url": "https://saralee.com.au/grocery-giveaway-tcs-australia/",
          "source": "Source: saralee.com.au (https://saralee.com.au/grocery-giveaway-tcs-australia/)",
          "title": "Grocery Giveaway T&#038;Cs Australia &#8211; Sara Lee",
          "headline": "Grocery Giveaway T&#038;Cs Australia",
          "type": "PRIZE",
          "heroCount": null,
          "totalWinners": null,
          "cadence": null,
          "prizeItems": [
            "data",
            "car",
            "tv",
            "gift card",
            "cash",
            "plan"
          ],
          "prizeValueHint": "$200",
          "confidence": 0.6,
          "viaRedemption": false,
          "giftCard": null
        },
        {
          "brand": "Sara Lee",
          "url": "https://winwithsaralee.com.au/images/Sara%20Lee%20Instant%20Win%20T&C's.pdf",
          "source": "Source: winwithsaralee.com.au (https://winwithsaralee.com.au/images/Sara%20Lee%20Instant%20Win%20T&C's.pdf)",
          "title": "Sara Lee Waffles 30k Giveaway Instant Win Promotion",
          "headline": "Winners will have their initials and state announced on the Sara Lee Promotional website at www.winwithsaralee.com by 30th October, 2024. 14. If ...",
          "type": "PRIZE",
          "heroCount": null,
          "totalWinners": null,
          "cadence": null,
          "prizeItems": [
            "tv"
          ],
          "prizeValueHint": "$222",
          "confidence": 0.6,
          "viaRedemption": false,
          "giftCard": null
        },
        {
          "brand": "Sara Lee",
          "url": "http://winwithsaralee.com.au/",
          "source": "Source: winwithsaralee.com.au (http://winwithsaralee.com.au/)",
          "title": "Sara Lee Waffles 30k Giveaway Instant Win Promotion",
          "headline": "The promotion commences on the 15/9/2024 at 0900 (AEST) and closes 27/10/2024 at 1700 (AEST). For full T&C's go to www.winwithsaralee.",
          "type": "PRIZE",
          "heroCount": null,
          "totalWinners": null,
          "cadence": "instant",
          "prizeItems": [
            "data",
            "car",
            "voucher",
            "tv"
          ],
          "prizeValueHint": null,
          "confidence": 0.6,
          "viaRedemption": false,
          "giftCard": null
        },
        {
          "brand": "Sara Lee",
          "url": "https://saralee.com.au/enter-for-your-chance-to-win-a-pair-of-sara-lee-socks-for-dad-terms-and-conditions-2/",
          "source": "Source: saralee.com.au (https://saralee.com.au/enter-for-your-chance-to-win-a-pair-of-sara-lee-socks-for-dad-terms-and-conditions-2/)",
          "title": "Enter for your chance to WIN a pair of Sara Lee socks for Dad! Terms and Conditions &#8211; Sara Lee",
          "headline": "Enter for your chance to WIN a pair of Sara Lee socks for Dad! Terms and Conditions",
          "type": "PRIZE",
          "heroCount": 25,
          "totalWinners": 25,
          "cadence": null,
          "prizeItems": [
            "data",
            "car",
            "tv",
            "cash",
            "plan"
          ],
          "prizeValueHint": "$30",
          "confidence": 0.6,
          "viaRedemption": false,
          "giftCard": null
        },
        {
          "brand": "Sara Lee",
          "url": "https://saralee.com.au/enter-for-your-chance-to-win-a-kitchenaid-mixer/",
          "source": "Source: saralee.com.au (https://saralee.com.au/enter-for-your-chance-to-win-a-kitchenaid-mixer/)",
          "title": "Enter for your chance to WIN a KitchenAid Mixer! &#8211; Sara Lee",
          "headline": "Enter for your chance to WIN a KitchenAid Mixer!",
          "type": "PRIZE",
          "heroCount": null,
          "totalWinners": null,
          "cadence": null,
          "prizeItems": [
            "data",
            "car",
            "tv",
            "plan",
            "trip"
          ],
          "prizeValueHint": null,
          "confidence": 0.6,
          "viaRedemption": false,
          "giftCard": null
        },
        {
          "brand": "TUFFSTREETERS",
          "url": "https://tuffstreeters.com.au/",
          "source": "Source: tuffstreeters.com.au (https://tuffstreeters.com.au/)",
          "title": "Home - Tuff Streeters",
          "headline": "We Are Tuff Streeters",
          "type": "PRIZE",
          "heroCount": null,
          "totalWinners": null,
          "cadence": "weekly",
          "prizeItems": [
            "car",
            "data",
            "cash",
            "trip"
          ],
          "prizeValueHint": "$100",
          "confidence": 0.6,
          "viaRedemption": false,
          "giftCard": null
        },
        {
          "brand": "LINKT",
          "url": "https://www.linkt.com.au/campaigns/driveaway/sydney",
          "source": "Source: linkt.com.au (https://www.linkt.com.au/campaigns/driveaway/sydney)",
          "title": "Pardon Our Interruption",
          "headline": "Pardon Our Interruption",
          "type": "PRIZE",
          "heroCount": null,
          "totalWinners": null,
          "cadence": null,
          "prizeItems": [],
          "prizeValueHint": null,
          "confidence": 0.6,
          "viaRedemption": false,
          "giftCard": null
        },
        {
          "brand": "YOURTOWN",
          "url": "https://www.yourtown.com.au/",
          "source": "Source: yourtown.com.au (https://www.yourtown.com.au/)",
          "title": "yourtown | Art Union & Community Services | Prize Homes",
          "headline": "Every young person deserves a chance to thrive",
          "type": "PRIZE",
          "heroCount": null,
          "totalWinners": null,
          "cadence": null,
          "prizeItems": [
            "car",
            "data",
            "tv"
          ],
          "prizeValueHint": null,
          "confidence": 0.6,
          "viaRedemption": false,
          "giftCard": null
        },
        {
          "brand": "RAFFLETIX",
          "url": "https://www.raffletix.com.au/raffles",
          "source": "Source: raffletix.com.au (https://www.raffletix.com.au/raffles)",
          "title": "Live raffles",
          "headline": "Live raffles",
          "type": "PRIZE",
          "heroCount": null,
          "totalWinners": null,
          "cadence": null,
          "prizeItems": [
            "tv",
            "data",
            "car"
          ],
          "prizeValueHint": null,
          "confidence": 0.6,
          "viaRedemption": false,
          "giftCard": null
        },
        {
          "brand": "MOTORCULTUREAUSTRALIA",
          "url": "https://www.motorcultureaustralia.com/current-giveaways/",
          "source": "Source: motorcultureaustralia.com (https://www.motorcultureaustralia.com/current-giveaways/)",
          "title": "Current Giveaways &#8211; Motor Culture Australia",
          "headline": "1 DAY ONLY! Mercedes AMG C63S ¬∑ 1 WEEK ONLY: Brand New INEOS Grenadier ¬∑ 1 DAY ONLY: $100,000 Cash Giveaway ¬∑ 2023 Honda Civic Type R ¬∑ 1 Week Only: Brand New 2024 ...",
          "type": "PRIZE",
          "heroCount": null,
          "totalWinners": null,
          "cadence": null,
          "prizeItems": [
            "data",
            "car",
            "cash",
            "trip"
          ],
          "prizeValueHint": "$100,000",
          "confidence": 0.6,
          "viaRedemption": false,
          "giftCard": null
        },
        {
          "brand": "RSREWARDS",
          "url": "https://rsrewards.com.au/competition",
          "source": "Source: rsrewards.com.au (https://rsrewards.com.au/competition)",
          "title": "RS Rewards - Australia's Best Rewards Club",
          "headline": "Join RS Rewards for monthly prize draws and exclusive competitions. Win amazing prizes including cash, gift cards, and more. Enter our monthly raffles ...",
          "type": "PRIZE",
          "heroCount": null,
          "totalWinners": null,
          "cadence": "weekly",
          "prizeItems": [
            "cash",
            "gift card",
            "car",
            "trip",
            "data",
            "plan",
            "plans"
          ],
          "prizeValueHint": "$20",
          "confidence": 0.6,
          "viaRedemption": false,
          "giftCard": null
        },
        {
          "brand": "REDBULL",
          "url": "https://www.redbull.com/au-en/events/red-bull-dance-your-style-national-finals-australia",
          "source": "Source: redbull.com (https://www.redbull.com/au-en/events/red-bull-dance-your-style-national-finals-australia)",
          "title": "Red Bull Dance Your Style Final Australia 2025",
          "headline": "Red Bull Dance Your Style is a 1v1 Street Dance battle competition where Australia's best street dancers dance to unpredictable music hits and the crowd ...",
          "type": "PRIZE",
          "heroCount": null,
          "totalWinners": null,
          "cadence": null,
          "prizeItems": [
            "data",
            "car"
          ],
          "prizeValueHint": null,
          "confidence": 0.6,
          "viaRedemption": false,
          "giftCard": null
        },
        {
          "brand": "MASTERSOFCHOREOGRAPHY",
          "url": "https://www.mastersofchoreography.com/udo-australia",
          "source": "Source: mastersofchoreography.com (https://www.mastersofchoreography.com/udo-australia)",
          "title": "UDO AUSTRALIA | Masters Of Choreogra",
          "headline": "UDO Australia falls under the Masters of Choreography umbrella and is our National Street Dance competition which we have hosted since 2015.",
          "type": "PRIZE",
          "heroCount": null,
          "totalWinners": null,
          "cadence": null,
          "prizeItems": [
            "tv",
            "data",
            "car",
            "plans",
            "trip",
            "giftcard",
            "plan"
          ],
          "prizeValueHint": null,
          "confidence": 0.6,
          "viaRedemption": false,
          "giftCard": null
        },
        {
          "brand": "DARLINGHARBOUR",
          "url": "https://www.darlingharbour.com/whats-on/archive/events/beat-breakdown",
          "source": "Source: darlingharbour.com (https://www.darlingharbour.com/whats-on/archive/events/beat-breakdown)",
          "title": "Beat Breakdown - Battle it out at Sydney&#39;s 1v1 Street Dance Showdown in Darling Harbour | Darling Harbour",
          "headline": "Beat Breakdown",
          "type": "PRIZE",
          "heroCount": null,
          "totalWinners": null,
          "cadence": "weekly",
          "prizeItems": [
            "data",
            "car",
            "plan"
          ],
          "prizeValueHint": null,
          "confidence": 0.6,
          "viaRedemption": false,
          "giftCard": null
        },
        {
          "brand": "TRANSPORT",
          "url": "https://www.transport.nsw.gov.au/industry/cities-and-active-transport/cities-revitalisation-and-place/festival-of-place/creative-3",
          "source": "Source: transport.nsw.gov.au (https://www.transport.nsw.gov.au/industry/cities-and-active-transport/cities-revitalisation-and-place/festival-of-place/creative-3)",
          "title": "Public Space Ideas Competition | Transport for NSW",
          "headline": "The Ideas Competition aimed to shape a new conversation about public space in Sydney and was delivered in partnership with the Committee for Sydney.",
          "type": "PRIZE",
          "heroCount": null,
          "totalWinners": null,
          "cadence": null,
          "prizeItems": [
            "car",
            "data",
            "tv",
            "trip",
            "plan"
          ],
          "prizeValueHint": null,
          "confidence": 0.6,
          "viaRedemption": false,
          "giftCard": null
        },
        {
          "brand": "NUTELLA",
          "url": "https://www.nutella.com/au/en/xp/nutella-x-kinder-biscuits/faq/",
          "source": "Source: nutella.com (https://www.nutella.com/au/en/xp/nutella-x-kinder-biscuits/faq/)",
          "title": "Nutella x Kinder Biscuits promotion",
          "headline": "Frequently Asked Questions",
          "type": "PRIZE",
          "heroCount": null,
          "totalWinners": null,
          "cadence": "instant",
          "prizeItems": [
            "data",
            "gift card",
            "car"
          ],
          "prizeValueHint": "$100",
          "confidence": 0.6,
          "viaRedemption": false,
          "giftCard": null
        },
        {
          "brand": "KINDER",
          "url": "https://www.kinder.com/au/en/xp/kinderbuenosoundbreaks/term-conditions",
          "source": "Source: kinder.com (https://www.kinder.com/au/en/xp/kinderbuenosoundbreaks/term-conditions)",
          "title": "T&amp;C | Kinder Bueno Sound Breaks",
          "headline": "All provisional winners are subject to verification. Upon verification, winners will be sent their prize. Total prize pool. The total prize pool is AU$43,022.",
          "type": "PRIZE",
          "heroCount": 1,
          "totalWinners": null,
          "cadence": "daily",
          "prizeItems": [
            "data",
            "car",
            "holiday",
            "cash",
            "plan"
          ],
          "prizeValueHint": "$439",
          "confidence": 0.6,
          "viaRedemption": false,
          "giftCard": null
        },
        {
          "brand": "NUTELLA",
          "url": "https://www.nutella.com/au/en/xp/nutella-x-kinder-biscuits/winners/",
          "source": "Source: nutella.com (https://www.nutella.com/au/en/xp/nutella-x-kinder-biscuits/winners/)",
          "title": "Winners - Nutella",
          "headline": "Winners",
          "type": "PRIZE",
          "heroCount": null,
          "totalWinners": null,
          "cadence": null,
          "prizeItems": [
            "data",
            "gift card",
            "car"
          ],
          "prizeValueHint": "$10,000",
          "confidence": 0.6,
          "viaRedemption": false,
          "giftCard": null
        },
        {
          "brand": "KINDER",
          "url": "https://www.kinder.com/au/en/kinder-natoons-consumer-promotion-faq",
          "source": "Source: kinder.com (https://www.kinder.com/au/en/kinder-natoons-consumer-promotion-faq)",
          "title": "Kinder Natoons Consumer Promotion FAQ - Kinder Australia and New Zealand",
          "headline": "Kinder Natoons Consumer Promotion FAQ",
          "type": "PRIZE",
          "heroCount": null,
          "totalWinners": null,
          "cadence": "daily",
          "prizeItems": [
            "car",
            "data",
            "tv"
          ],
          "prizeValueHint": null,
          "confidence": 0.6,
          "viaRedemption": false,
          "giftCard": null
        },
        {
          "brand": "TCGPROMO",
          "url": "https://tcgpromo.com.au/au/en/xp/win/terms-lavazza/",
          "source": "Source: tcgpromo.com.au (https://tcgpromo.com.au/au/en/xp/win/terms-lavazza/)",
          "title": "Terms-Lavazza | Nutella¬†DeLonghi Promotion",
          "headline": "All draws will take place at 3:30pm AEST/AEDT (5:30pm NZDT) at Handling Matters Pty Ltd, Unit 40, 1-5 Thew Parade, Cromer NSW 2099 on the dates specified in the ...",
          "type": "PRIZE",
          "heroCount": 250,
          "totalWinners": null,
          "cadence": null,
          "prizeItems": [
            "data",
            "car",
            "gift card",
            "cash",
            "plan"
          ],
          "prizeValueHint": "$15",
          "confidence": 0.6,
          "viaRedemption": false,
          "giftCard": null
        },
        {
          "brand": "Woolworths",
          "url": "https://www.lottos.com.au/competitions/viewthreadlite.php?tid=672336",
          "source": "Source: lottos.com.au (https://www.lottos.com.au/competitions/viewthreadlite.php?tid=672336)",
          "title": "Verifying...",
          "headline": "The winner of the Major Prize Draw will win one (1) $10,000 EFTPOS Gift Card. Total prize pool. The total prize pool is AU$50,000. How many ...",
          "type": "PRIZE",
          "heroCount": null,
          "totalWinners": null,
          "cadence": null,
          "prizeItems": [
            "data"
          ],
          "prizeValueHint": null,
          "confidence": 0.6,
          "viaRedemption": false,
          "giftCard": null
        },
        {
          "brand": "KINDER",
          "url": "https://www.kinder.com/au/en/win",
          "source": "Source: kinder.com (https://www.kinder.com/au/en/win)",
          "title": "Win - Kinder Australia and New Zealand",
          "headline": "Enter for a chance to win 1 of 1500 Natoons Adventure Boards.",
          "type": "PRIZE",
          "heroCount": 150,
          "totalWinners": null,
          "cadence": null,
          "prizeItems": [
            "data",
            "car"
          ],
          "prizeValueHint": null,
          "confidence": 0.6,
          "viaRedemption": false,
          "giftCard": null
        },
        {
          "brand": "AP-SOUTHEAST-2",
          "url": "https://ap-southeast-2.graphassets.com/AY4aDPEmTRrKdZ4jgHiscz/cmbr6yjzfyqw6072vyro8jeep",
          "source": "Source: ap-southeast-2.graphassets.com (https://ap-southeast-2.graphassets.com/AY4aDPEmTRrKdZ4jgHiscz/cmbr6yjzfyqw6072vyro8jeep)",
          "title": "PR240643 - Conversion - Nutella and Kinder Biscuits Promotion",
          "headline": "Entries open at 12:00am AEST on 16/07/25 and close at 11:59pm AEST on 26/08/25. (‚ÄúCompetition Period‚Äù). Who can enter?",
          "type": "PRIZE",
          "heroCount": null,
          "totalWinners": null,
          "cadence": null,
          "prizeItems": [
            "tv",
            "giftcard",
            "car"
          ],
          "prizeValueHint": "$79",
          "confidence": 0.6,
          "viaRedemption": false,
          "giftCard": null
        },
        {
          "brand": "FERRERO",
          "url": "https://www.ferrero.com/int/en/news-stories/news/tic-tac-launches-new-choose-your-match-campaign",
          "source": "Source: ferrero.com (https://www.ferrero.com/int/en/news-stories/news/tic-tac-launches-new-choose-your-match-campaign)",
          "title": "Tic Tac Launches &#039;Choose Your Match&#039; Campaign - Vote for the Next Limited-Edition Flavor | Ferrero",
          "headline": "Join Tic Tac's 'Choose Your Match' campaign and help decide the next limited-edition flavor! Explore new refreshing Tic Tac flavors, ...",
          "type": "PRIZE",
          "heroCount": null,
          "totalWinners": null,
          "cadence": null,
          "prizeItems": [
            "car",
            "plan",
            "data",
            "trip",
            "tv"
          ],
          "prizeValueHint": null,
          "confidence": 0.6,
          "viaRedemption": false,
          "giftCard": null
        },
        {
          "brand": "EMPORIUMSHOWBAGS",
          "url": "https://emporiumshowbags.com.au/terms-and-conditions/",
          "source": "Source: emporiumshowbags.com.au (https://emporiumshowbags.com.au/terms-and-conditions/)",
          "title": "Terms and Conditions | Emporium Showbags",
          "headline": "Winners will be posted on @‚Äåemporiumshowbags Instagram stories at 7pm Wednesday 24th September 2025 AEDT. Winner will be contacted through our official ...",
          "type": "PRIZE",
          "heroCount": null,
          "totalWinners": null,
          "cadence": null,
          "prizeItems": [
            "data",
            "car",
            "cash",
            "gift card",
            "voucher",
            "tv"
          ],
          "prizeValueHint": "$500",
          "confidence": 0.6,
          "viaRedemption": false,
          "giftCard": null
        },
        {
          "brand": "Gelatissimo",
          "url": "https://gelatissimo.com.au/gelatissimo-marion-birthday-giveaway-tcs/",
          "source": "Source: gelatissimo.com.au (https://gelatissimo.com.au/gelatissimo-marion-birthday-giveaway-tcs/)",
          "title": "Gelatissimo Marion Birthday Giveaway T&amp;Cs - Gelatissimo",
          "headline": "Gelatissimo Marion Birthday Giveaway T&#038;Cs",
          "type": "PRIZE",
          "heroCount": null,
          "totalWinners": null,
          "cadence": "daily",
          "prizeItems": [
            "data",
            "car",
            "gift card",
            "cash",
            "tv"
          ],
          "prizeValueHint": "$500",
          "confidence": 0.6,
          "viaRedemption": false,
          "giftCard": null
        },
        {
          "brand": "GELATISSIMO",
          "url": "https://gelatissimo.com.au/social-competition-terms-conditions/",
          "source": "Source: gelatissimo.com.au (https://gelatissimo.com.au/social-competition-terms-conditions/)",
          "title": "Social Competitions - Terms &amp; Conditions - Gelatissimo",
          "headline": "Social Competitions &#8211; Terms &#038; Conditions",
          "type": "PRIZE",
          "heroCount": null,
          "totalWinners": null,
          "cadence": "daily",
          "prizeItems": [
            "data",
            "car",
            "gift card",
            "cash",
            "tv"
          ],
          "prizeValueHint": "$20",
          "confidence": 0.6,
          "viaRedemption": false,
          "giftCard": null
        },
        {
          "brand": "GELATISSIMO",
          "url": "https://gelatissimo.com.au/turtally-awesome-colouring-in-competition/",
          "source": "Source: gelatissimo.com.au (https://gelatissimo.com.au/turtally-awesome-colouring-in-competition/)",
          "title": "Turtally Awesome Colouring In Competition - Gelatissimo",
          "headline": "Turtally Awesome Colouring In Competition",
          "type": "PRIZE",
          "heroCount": 46,
          "totalWinners": null,
          "cadence": "daily",
          "prizeItems": [
            "data",
            "car",
            "cash",
            "plan",
            "gift card",
            "tv"
          ],
          "prizeValueHint": "$49",
          "confidence": 0.6,
          "viaRedemption": false,
          "giftCard": null
        },
        {
          "brand": "GELATISSIMO",
          "url": "https://gelatissimo.com.au/celebrate-mont-blanc-moccamaster-giveaway-tcs/",
          "source": "Source: gelatissimo.com.au (https://gelatissimo.com.au/celebrate-mont-blanc-moccamaster-giveaway-tcs/)",
          "title": "Celebrate Mont Blanc - Moccamaster Giveaway T&amp;Cs - Gelatissimo",
          "headline": "Celebrate Mont Blanc &#8211; Moccamaster Giveaway T&#038;Cs",
          "type": "PRIZE",
          "heroCount": null,
          "totalWinners": null,
          "cadence": "daily",
          "prizeItems": [
            "data",
            "car",
            "cash",
            "gift card",
            "tv"
          ],
          "prizeValueHint": "$600",
          "confidence": 0.6,
          "viaRedemption": false,
          "giftCard": null
        },
        {
          "brand": "Gelatissimo",
          "url": "https://gelatissimo.com.au/gelatissimo-x-transformers-one-merchandise-competition-terms-conditions/",
          "source": "Source: gelatissimo.com.au (https://gelatissimo.com.au/gelatissimo-x-transformers-one-merchandise-competition-terms-conditions/)",
          "title": "Gelatissimo x TRANSFORMERS ONE Merchandise Competition Terms &amp; Conditions - Gelatissimo",
          "headline": "Gelatissimo x TRANSFORMERS ONE Merchandise Competition Terms &#038; Conditions",
          "type": "PRIZE",
          "heroCount": 15,
          "totalWinners": null,
          "cadence": "daily",
          "prizeItems": [
            "data",
            "car",
            "cash",
            "plan",
            "gift card",
            "tv"
          ],
          "prizeValueHint": "$500",
          "confidence": 0.6,
          "viaRedemption": false,
          "giftCard": null
        }
      ]
    },
    "retailers": {
      "names": [
        "Coles",
        "Woolworths",
        "ALDI",
        "IGA",
        "7-Eleven",
        "IGA / Metcash",
        "Convenience chains (7-Eleven, NightOwl)"
      ],
      "facts": [
        {
          "claim": "Shop Wicked Sister Products Online ‚Äî Spend $20 in one transaction, scan your Flybuys and receive one bonus ... Coles Online - Hawthorn East, Victoria Australia 3123 ¬© Copyright Coles 2025 ...",
          "source": "Source: coles.com.au (https://www.coles.com.au/brands/wicked-sister-2243304464?srsltid=AfmBOorYQ8EpCARESOfggSYw6a0kH6Cd3I8WTHdJ2uPnxIgPwdEmQSyX)"
        },
        {
          "claim": "Shop Wicked Products Online ‚Äî Wicked Sister High Protein Chocolate Pudding | 170g. Wicked Sister High Protein Chocolate Pudding | 170g. $3.30. $1.94 per 100g.",
          "source": "Source: coles.com.au (https://www.coles.com.au/brands/wicked-209964905?srsltid=AfmBOortoQhVbLxDlHASP978vo60t2xIrbty54sQNgLP1XZNkHeuMoVj)"
        },
        {
          "claim": "Shop Wicked Sister Products Online ‚Äî Shop your way at Coles. Our range of Wicked Sister products at everyday low prices you know and trust. Shop online and get home delivery or click and ...",
          "source": "Source: coles.com.au (https://www.coles.com.au/brands/wicked-sister-2243304464?srsltid=AfmBOophw4pZ-ovAdz4Yo1Wu-oOmT-q36A_DguVvm1KJ1Y5teT7wiTKK)"
        },
        {
          "claim": "Browse Frozen Desserts ‚Äî Frozen Desserts ; Sara Lee Lemon Cheesecake | 410g ¬∑ $2.20 per 100g ; Sara Lee Frozen Chocolate Buttercake | 350g ¬∑ $2.57 per 100g ; Sara Lee ...",
          "source": "Source: coles.com.au (https://www.coles.com.au/browse/frozen/frozen-desserts?srsltid=AfmBOoqADk4B-Ru-b16VsUXkYkjrkoV-PHhDU49mf67OBdGP2in7EG7t)"
        },
        {
          "claim": "Browse Assorted Desserts ‚Äî Assorted Desserts ; Sara Lee Frozen Chocolate Buttercake | 350g ¬∑ $9.00. $2.57 per 100g ; Coles Finest Triple Chocolate Buche | 470g ¬∑ $18.00.",
          "source": "Source: coles.com.au (https://www.coles.com.au/browse/frozen/frozen-desserts/assorted-desserts?srsltid=AfmBOoqLhpCXuJ8382fayyc4PQ8RPG3OAm3owlAHdkMPjR1g9IWQL5_N)"
        },
        {
          "claim": "Browse Frozen ‚Äî Binggrae Samanco Dessert Sandwich 4 Pack. Frozen dessert with strawberry or red bean flavours. Shop Now.",
          "source": "Source: coles.com.au (https://www.coles.com.au/browse/frozen?srsltid=AfmBOooaZxqdFdACnLS3yFGQgsu_guylkITN7tX67HTQrC-MnBEEpot1)"
        },
        {
          "claim": "Browse Ice Cream ‚Äî Proud & Punch Coconuts For Mango Frozen Dessert 6 Pack | 450mL. Proud & Punch Coconuts For Mango Frozen Dessert 6 Pack | 450mL. $4.25.",
          "source": "Source: coles.com.au (https://www.coles.com.au/browse/frozen/ice-cream?srsltid=AfmBOopKVUD0tKALr3q2cigrPI24lPrC5JUNTGfeZWP0tHdIiJ964h_W)"
        },
        {
          "claim": "Browse Cakes & Cheesecakes ‚Äî Sara Lee Lemon Cheesecake | 410g ¬∑ $2.20 per 100g ; Sara Lee Frozen Chocolate Buttercake | 350g ¬∑ $2.57 per 100g ; Sara Lee Frozen Chocolate ...",
          "source": "Source: coles.com.au (https://www.coles.com.au/browse/frozen/frozen-desserts/cakes-cheesecakes?srsltid=AfmBOoqRuWbhAPkO3Sbtpqm1KvK3E9gS8F9j4TO18tYXyN36IOJMwGxq)"
        }
      ]
    },
    "season": {
      "label": "Spring in Australia",
      "facts": []
    },
    "market": {
      "facts": [
        {
          "claim": "Bridging the gap: Trends and challenges in grocery and retail ‚Äî With consumers increasingly seeking convenience, food-to-go and meal solutions are becoming increasingly popular. While many grocery retailers ...",
          "source": "Source: retail.org.au (https://www.retail.org.au/news-and-insights/bridging-the-gap-trends-and-challenges-in-grocery-and-retail)"
        },
        {
          "claim": "Supermarkets and Grocery Stores in Australia ‚Äî Trends and Insights ¬∑ ACCC's supermarket inquiry has highlighted key industry dynamics. ¬∑ Changing consumer trends are causing a shift in store product mixes.",
          "source": "Source: ibisworld.com (https://www.ibisworld.com/australia/industry/supermarkets-and-grocery-stores/1834/)"
        },
        {
          "claim": "Australian Retail Outlook 2025 ‚Äî Retail sector trends and insights for 2025, including digital evolution, customer experience, sustainability and supply chain optimisation.",
          "source": "Source: kpmg.com (https://kpmg.com/au/en/insights/industry/australian-retail-outlook.html)"
        },
        {
          "claim": "People infer better odds when many winners are visible; cadence visibility (e.g., daily awards) increases perceived fairness.",
          "source": "Source: indicative (behavioural marketing literature)"
        }
      ]
    },
    "signals": {
      "facts": [
        {
          "claim": "Client: Wicked Sister",
          "source": "Source: brief"
        },
        {
          "claim": "Brand: Wicked Sister",
          "source": "Source: brief"
        },
        {
          "claim": "Campaign objective: Drive two-pack purchases and capture opted-in dessert fans before the Wicked film release.",
          "source": "Source: brief"
        },
        {
          "claim": "Promotion type: INSTANT_WIN",
          "source": "Source: brief"
        },
        {
          "claim": "Mechanic: Buy 2 products, upload receipts and discover instantly if you‚Äôve scored a movie ticket.",
          "source": "Source: brief"
        },
        {
          "claim": "Hook: Win a Movie Ticket Instantly",
          "source": "Source: brief"
        },
        {
          "claim": "Channels: In-store",
          "source": "Source: brief"
        },
        {
          "claim": "Channels: Social",
          "source": "Source: brief"
        },
        {
          "claim": "Channels: Digital",
          "source": "Source: brief"
        },
        {
          "claim": "Channels: Influencer",
          "source": "Source: brief"
        },
        {
          "claim": "Channels: Retail Media",
          "source": "Source: brief"
        },
        {
          "claim": "Channels: GROCERY",
          "source": "Source: brief"
        },
        {
          "claim": "Channels: CONVENIENCE",
          "source": "Source: brief"
        },
        {
          "claim": "Season/theme: Spring",
          "source": "Source: brief"
        },
        {
          "claim": "Staff burden: ZERO",
          "source": "Source: brief"
        },
        {
          "claim": "Proof requirement: FULL_RECEIPT",
          "source": "Source: brief"
        },
        {
          "claim": "Entry mechanic cues: Win a Movie Ticket Instantly",
          "source": "Source: brief"
        },
        {
          "claim": "Entry mechanic cues: Buy 2 products, upload receipts and discover instantly if you‚Äôve scored a movie ticket.",
          "source": "Source: brief"
        },
        {
          "claim": "Campaign title: Spring Movie Launch",
          "source": "Source: brief"
        },
        {
          "claim": "IP tie-in briefed (licensed): Wicked ‚Äî For Good | type: FILM | window: November 2025.",
          "source": "Source: brief"
        },
        {
          "claim": "Recent promos show hero prize counts clustering around ~35.5 (mode ‚âà 1).",
          "source": "Source: indicative (live promo scan)"
        },
        {
          "claim": "Cadence cues common in-market: instant & weekly & daily.",
          "source": "Source: indicative (live promo scan)"
        }
      ]
    },
    "benchmarks": {
      "heroPrize": {
        "median": 35.5,
        "mode": 1
      },
      "cadenceShare": {
        "instant": 0.3529411764705883,
        "weekly": 0.2352941176470588,
        "daily": 0.4117647058823529
      },
      "manyWinnersShare": 0,
      "prizeCountsObserved": {
        "total": 10,
        "common": [
          {
            "count": 1,
            "share": 0.2
          },
          {
            "count": 150,
            "share": 0.2
          },
          {
            "count": 3,
            "share": 0.1
          }
        ]
      },
      "recommendedHeroCount": 3,
      "positionVsMarket": "UNKNOWN"
    },
    "meta": {
      "level": "MAX",
      "warnings": [],
      "usedFallbacks": [],
      "searchProvider": "serper",
      "logs": [
        "search:serper:The Wicked Sisters shopper promotion AU -> 6",
        "search:serper:The Wicked Sisters Coles promotion AU -> 6",
        "search:serper:Frozen dessert Australia market trend -> 6",
        "search:serper:Australia grocery & convenience retail trends -> 6",
        "search:serper:The Wicked Sisters shopper insights AU -> 6",
        "search:serper:Frozen dessert promotion Australia -> 6",
        "search:serper:The Wicked Sisters consumer insights AU -> 6",
        "search:serper:The Wicked Sisters consumer research AU -> 6",
        "search:serper:The Wicked Sisters Coles activation Australia -> 6",
        "search:serper:Frozen dessert category growth Australia -> 6",
        "search:serper:The Wicked Sisters brand campaign AU -> 6",
        "search:serper:The Wicked Sisters buyer insight AU -> 6",
        "search:serper:The Wicked Sisters Coles buyer pitch -> 6",
        "search:serper:The Wicked Sisters market share AU -> 6",
        "search:serper:The Wicked Sisters audience profile Australia -> 6",
        "search:serper:The Wicked Sisters Drive two-pack purchases and capture opted-in dessert fans before the Wicked film release. promotion AU -> 6",
        "search:serper:The Wicked Sisters Coles range review -> 6",
        "search:serper:The Wicked Sisters category performance AU -> 6",
        "search:serper:Primary grocery buyers shopper insights AU -> 6",
        "search:serper:The Wicked Sisters Coles case study -> 6",
        "search:serper:The Wicked Sisters Win a Movie Ticket Instantly promotion AU -> 6",
        "search:serper:The Wicked Sisters sales growth AU -> 6",
        "search:serper:Primary grocery buyers promotion response AU -> 6",
        "search:serper:The Wicked Sisters Woolworths promotion AU -> 6",
        "search:serper:The Wicked Sisters Buy 2 products, upload receipts and discover instantly if you‚Äôve scored a movie ticket. promotion AU -> 6",
        "search:serper:The Wicked Sisters Woolworths activation Australia -> 6",
        "search:serper:The Wicked Sisters Australia -> 6",
        "search:serper:They reward the family with purposeful treats that feel magical but still practical. shopper insights AU -> 6",
        "search:serper:The Wicked Sisters prize draw Australia -> 6",
        "search:serper:The Wicked Sisters Woolworths buyer pitch -> 6",
        "search:serper:They reward the family with purposeful treats that feel magical but still practical. promotion response AU -> 6",
        "search:serper:Plans movie nights, shares dessert finds on social, responds to retailer app notifications. shopper insights AU -> 6",
        "search:serper:The Wicked Sisters Woolworths range review -> 6",
        "search:serper:The Wicked Sisters Woolworths case study -> 6",
        "search:serper:Plans movie nights, shares dessert finds on social, responds to retailer app notifications. promotion response AU -> 6",
        "search:serper:In-store shopper behaviour AU -> 6",
        "search:serper:The Wicked Sisters ALDI promotion AU -> 6",
        "search:serper:The Wicked Sisters ALDI activation Australia -> 6",
        "search:serper:Social shopper behaviour AU -> 6",
        "search:serper:The Wicked Sisters ALDI buyer pitch -> 6",
        "search:serper:Digital shopper behaviour AU -> 6",
        "search:serper:Influencer shopper behaviour AU -> 6",
        "search:serper:The Wicked Sisters ALDI range review -> 6",
        "search:serper:The Wicked Sisters ALDI case study -> 6",
        "search:serper:Australia grocery shopper promotion trends -> 6",
        "search:serper:The Wicked Sisters IGA promotion AU -> 6",
        "search:serper:front-of-store impulse purchase research Australia -> 6",
        "search:serper:The Wicked Sisters IGA activation Australia -> 6",
        "search:serper:AU retail promotional response study -> 6",
        "search:serper:The Wicked Sisters IGA buyer pitch -> 6",
        "search:serper:The Wicked Sisters IGA range review -> 6",
        "search:serper:The Wicked Sisters IGA case study -> 6",
        "search:serper:The Wicked Sisters 7-Eleven promotion AU -> 6",
        "search:serper:The Wicked Sisters 7-Eleven activation Australia -> 6",
        "search:serper:The Wicked Sisters 7-Eleven buyer pitch -> 6",
        "search:serper:The Wicked Sisters 7-Eleven range review -> 6",
        "search:serper:The Wicked Sisters 7-Eleven case study -> 6",
        "search:serper:The Wicked Sisters IGA / Metcash promotion AU -> 6",
        "search:serper:The Wicked Sisters IGA / Metcash activation Australia -> 6",
        "search:serper:The Wicked Sisters IGA / Metcash buyer pitch -> 2",
        "search:serper:The Wicked Sisters IGA / Metcash range review -> 6",
        "search:serper:The Wicked Sisters IGA / Metcash case study -> 6",
        "search:serper:The Wicked Sisters Convenience chains (7-Eleven, NightOwl) promotion AU -> 6",
        "search:serper:The Wicked Sisters Convenience chains (7-Eleven, NightOwl) activation Australia -> 6",
        "search:serper:The Wicked Sisters Convenience chains (7-Eleven, NightOwl) buyer pitch -> 6",
        "search:serper:The Wicked Sisters Convenience chains (7-Eleven, NightOwl) range review -> 6",
        "search:serper:The Wicked Sisters Convenience chains (7-Eleven, NightOwl) case study -> 6",
        "search:serper:The Wicked Sisters ranging Australia -> 6",
        "search:serper:The Wicked Sisters retail buyer feedback -> 6",
        "search:serper:The Wicked Sisters supermarket partnership Australia -> 6",
        "search:serper:Coles freezer space Frozen dessert AU -> 5",
        "search:serper:Frozen dessert treat cost of living AU -> 5",
        "search:serper:Coles range review Frozen dessert AU -> 5",
        "search:serper:Frozen dessert grocery budget indulgence AU -> 5",
        "search:serper:Coles shelf space competition Frozen dessert -> 5",
        "search:serper:Frozen dessert family dessert sharing insight -> 5",
        "search:serper:Woolworths freezer space Frozen dessert AU -> 5",
        "search:serper:Frozen dessert shopper mum buying for family -> 5",
        "search:serper:Woolworths range review Frozen dessert AU -> 5",
        "search:serper:Woolworths shelf space competition Frozen dessert -> 5",
        "search:serper:Frozen dessert affordable luxury Australia -> 5",
        "search:serper:ALDI freezer space Frozen dessert AU -> 5",
        "search:serper:cost of living grocery treat australia -> 5",
        "search:serper:ALDI range review Frozen dessert AU -> 5",
        "search:serper:grocery buyer vs eater insight australia -> 5",
        "search:serper:The Wicked Sisters shopper insight australia -> 5",
        "search:serper:ALDI shelf space competition Frozen dessert -> 5",
        "search:serper:The Wicked Sisters cost of living -> 5",
        "search:serper:IGA freezer space Frozen dessert AU -> 5",
        "search:serper:The Wicked Sisters treat mom insight -> 5",
        "search:serper:IGA range review Frozen dessert AU -> 5",
        "search:serper:IGA shelf space competition Frozen dessert -> 5",
        "search:serper:7-Eleven freezer space Frozen dessert AU -> 5",
        "search:serper:7-Eleven range review Frozen dessert AU -> 5",
        "search:serper:7-Eleven shelf space competition Frozen dessert -> 5",
        "search:serper:IGA / Metcash freezer space Frozen dessert AU -> 5",
        "search:serper:IGA / Metcash range review Frozen dessert AU -> 5",
        "search:serper:IGA / Metcash shelf space competition Frozen dessert -> 5",
        "search:serper:The Wicked Sisters Coles ranging -> 5",
        "search:serper:The Wicked Sisters Woolworths range -> 5",
        "search:serper:The Wicked Sisters freezer facings Australia -> 5",
        "search:serper:Frozen dessert freezer space Australia -> 5",
        "search:serper:Frozen dessert shelf share supermarket -> 5",
        "search:serper:Frozen dessert private label competition Australia -> 5",
        "search:serper:Frozen dessert range review Coles -> 5",
        "search:serper:Frozen dessert range review Woolworths -> 5",
        "search:serper:Frozen dessert independent grocer freezer -> 5",
        "search:serper:Rokeby Farms freezer space Coles -> 5",
        "search:serper:Rokeby Farms Woolworths freezer -> 5",
        "search:serper:Priestley‚Äôs Gourmet Delights freezer space Coles -> 5",
        "search:serper:Priestley‚Äôs Gourmet Delights Woolworths freezer -> 5",
        "search:serper:Jillian's Cakery freezer space Coles -> 5",
        "search:serper:Rokeby Farms promotion AU -> 6",
        "search:serper:Rokeby Farms competition AU -> 6",
        "search:serper:Priestley‚Äôs Gourmet Delights promotion AU -> 6",
        "search:serper:Priestley‚Äôs Gourmet Delights competition AU -> 6",
        "search:serper:Jillian's Cakery promotion AU -> 6",
        "search:serper:Jillian's Cakery competition AU -> 6",
        "search:serper:Belle Fleur promotion AU -> 6",
        "search:serper:Belle Fleur competition AU -> 6",
        "search:serper:Beak & Johnston promotion AU -> 6",
        "search:serper:Beak & Johnston competition AU -> 6",
        "search:serper:Carman's promotion AU -> 6",
        "search:serper:Carman's competition AU -> 6",
        "search:serper:Pauls PLUS+ promotion AU -> 6",
        "search:serper:Pauls PLUS+ competition AU -> 6",
        "search:serper:Chobani promotion AU -> 6",
        "search:serper:Chobani competition AU -> 6",
        "search:serper:Rokeby Farms brand overview AU -> 6",
        "search:serper:Rokeby Farms chilled dessert brand Australia -> 6",
        "search:serper:Rokeby Farms shopper insight AU -> 6",
        "search:serper:Rokeby Farms retail distribution Australia -> 6",
        "search:serper:The Wicked Sisters vs Rokeby Farms -> 6",
        "search:serper:The Wicked Sisters and Rokeby Farms market share -> 6",
        "search:serper:The Wicked Sisters Rokeby Farms comparison Australia -> 6",
        "search:serper:Priestley‚Äôs Gourmet Delights brand overview AU -> 6",
        "search:serper:Priestley‚Äôs Gourmet Delights chilled dessert brand Australia -> 6",
        "search:serper:Priestley‚Äôs Gourmet Delights shopper insight AU -> 6",
        "search:serper:Priestley‚Äôs Gourmet Delights retail distribution Australia -> 6",
        "search:serper:The Wicked Sisters vs Priestley‚Äôs Gourmet Delights -> 6",
        "search:serper:The Wicked Sisters and Priestley‚Äôs Gourmet Delights market share -> 6",
        "search:serper:The Wicked Sisters Priestley‚Äôs Gourmet Delights comparison Australia -> 6",
        "search:serper:Jillian's Cakery brand overview AU -> 6",
        "search:serper:Jillian's Cakery chilled dessert brand Australia -> 6",
        "search:serper:Jillian's Cakery shopper insight AU -> 6",
        "search:serper:Jillian's Cakery retail distribution Australia -> 6",
        "search:serper:The Wicked Sisters vs Jillian's Cakery -> 6",
        "search:serper:The Wicked Sisters and Jillian's Cakery market share -> 6",
        "search:serper:The Wicked Sisters Jillian's Cakery comparison Australia -> 6",
        "search:serper:Belle Fleur brand overview AU -> 6",
        "search:serper:Belle Fleur chilled dessert brand Australia -> 6",
        "search:serper:Belle Fleur shopper insight AU -> 6",
        "search:serper:Belle Fleur retail distribution Australia -> 6",
        "search:serper:The Wicked Sisters vs Belle Fleur -> 6",
        "search:serper:The Wicked Sisters and Belle Fleur market share -> 6",
        "search:serper:The Wicked Sisters Belle Fleur comparison Australia -> 6",
        "search:serper:Beak & Johnston brand overview AU -> 6",
        "search:serper:Beak & Johnston chilled dessert brand Australia -> 6",
        "search:serper:Beak & Johnston shopper insight AU -> 6",
        "search:serper:Beak & Johnston retail distribution Australia -> 6",
        "search:serper:The Wicked Sisters vs Beak & Johnston -> 6",
        "search:serper:The Wicked Sisters and Beak & Johnston market share -> 6",
        "search:serper:The Wicked Sisters Beak & Johnston comparison Australia -> 6",
        "search:serper:Carman's brand overview AU -> 6",
        "search:serper:Carman's chilled dessert brand Australia -> 6",
        "search:serper:Carman's shopper insight AU -> 6",
        "search:serper:Carman's retail distribution Australia -> 6",
        "search:serper:The Wicked Sisters vs Carman's -> 6",
        "search:serper:The Wicked Sisters and Carman's market share -> 6",
        "search:serper:The Wicked Sisters Carman's comparison Australia -> 6",
        "search:serper:Pauls PLUS+ brand overview AU -> 6",
        "search:serper:Pauls PLUS+ chilled dessert brand Australia -> 6",
        "search:serper:Pauls PLUS+ shopper insight AU -> 6",
        "search:serper:Pauls PLUS+ retail distribution Australia -> 6",
        "search:serper:The Wicked Sisters vs Pauls PLUS+ -> 6",
        "search:serper:The Wicked Sisters and Pauls PLUS+ market share -> 6",
        "editorial:success",
        "catType=GENERIC",
        "liquorSub=UNKNOWN",
        "assured=false",
        "promos_collected=83",
        "benchmarks={\"heroPrize\":{\"median\":35.5,\"mode\":1},\"cadenceShare\":{\"instant\":0.35294117647058826,\"weekly\":0.23529411764705882,\"daily\":0.4117647058823529},\"manyWinnersShare\":0,\"prizeCountsObserved\":{\"total\":10,\"common\":[{\"count\":1,\"share\":0.2},{\"count\":150,\"share\":0.2},{\"count\":3,\"share\":0.1}]},\"recommendedHeroCount\":3,\"positionVsMarket\":\"UNKNOWN\"}"
      ],
      "cachedAt": "2025-11-01T07:36:39.136Z"
    },
    "insights": {
      "brand": [
        {
          "text": "Wicked Sister x Wicked ‚Äî Purchase any two packs of Wicked Sister Products for your chance to instantly win a movie ticket!",
          "source": "wickedsisterwin.com.au"
        },
        {
          "text": "FAQs - Wicked Sister x Wicked ‚Äî Buy any 2 packs of Wicked Sister products in one transaction from a Woolworths store during the Woolworths Exclusive promotion period. Then go ...",
          "source": "wickedsisterwin.com.au"
        },
        {
          "text": "Wicked Sister: Home Page ‚Äî Enjoy wickedly delicious desserts designed for everyday indulgence by Wicked Sister. Explore our wicked range, try recipes and find stockists here.",
          "source": "wickedsister.com.au"
        }
      ],
      "audience": [
        {
          "text": "Wicked Sister goes 'For Good' with new Wicked-inspired ... ‚Äî Chilled dessert brand Wicked Sister has launched limited-edition dessert pots inspired by Wicked: For Good film set to premiere next month.",
          "source": "insidefmcg.com.au"
        },
        {
          "text": "Paul Polly from Wicked Sister | Determined to succeed ‚Äî This is the story of Paul Polly and Wicked Sister desserts. Learn how he went from one pot to a $12 million factory.",
          "source": "nab.com.au"
        },
        {
          "text": "Wicked Sister bulks up protein pudding pack size ‚Äî With 15 grams of protein per serving and available in chocolate, strawberry, banana, along with a new vanilla flavour, these join the wider 170 ...",
          "source": "foodanddrinkbusiness.com.au"
        }
      ],
      "retailers": [
        {
          "text": "Shop Wicked Sister Products Online ‚Äî Spend $20 in one transaction, scan your Flybuys and receive one bonus ... Coles Online - Hawthorn East, Victoria Australia 3123 ¬© Copyright Coles 2025 ...",
          "source": "coles.com.au"
        },
        {
          "text": "Shop Wicked Products Online ‚Äî Wicked Sister High Protein Chocolate Pudding | 170g. Wicked Sister High Protein Chocolate Pudding | 170g. $3.30. $1.94 per 100g.",
          "source": "coles.com.au"
        },
        {
          "text": "Shop Wicked Sister Products Online ‚Äî Shop your way at Coles. Our range of Wicked Sister products at everyday low prices you know and trust. Shop online and get home delivery or click and ...",
          "source": "coles.com.au"
        },
        {
          "text": "Browse Frozen Desserts ‚Äî Frozen Desserts ; Sara Lee Lemon Cheesecake | 410g ¬∑ $2.20 per 100g ; Sara Lee Frozen Chocolate Buttercake | 350g ¬∑ $2.57 per 100g ; Sara Lee ...",
          "source": "coles.com.au"
        }
      ],
      "market": [
        {
          "text": "Bridging the gap: Trends and challenges in grocery and retail ‚Äî With consumers increasingly seeking convenience, food-to-go and meal solutions are becoming increasingly popular. While many grocery retailers ...",
          "source": "retail.org.au"
        },
        {
          "text": "Supermarkets and Grocery Stores in Australia ‚Äî Trends and Insights ¬∑ ACCC's supermarket inquiry has highlighted key industry dynamics. ¬∑ Changing consumer trends are causing a shift in store product mixes.",
          "source": "ibisworld.com"
        },
        {
          "text": "Australian Retail Outlook 2025 ‚Äî Retail sector trends and insights for 2025, including digital evolution, customer experience, sustainability and supply chain optimisation.",
          "source": "kpmg.com"
        }
      ],
      "signals": [
        {
          "text": "Client: Wicked Sister",
          "source": "brief"
        },
        {
          "text": "Brand: Wicked Sister",
          "source": "brief"
        },
        {
          "text": "Campaign objective: Drive two-pack purchases and capture opted-in dessert fans before the Wicked film release.",
          "source": "brief"
        },
        {
          "text": "Promotion type: INSTANT_WIN",
          "source": "brief"
        }
      ],
      "competitors": [
        {
          "text": "Brief competitor: Streets",
          "source": "brief"
        },
        {
          "text": "Rokeby Farms Chocolate Protein Smoothie 6 x 425ml ‚Äî Rokeby Farms Chocolate Protein Smoothie 6 x 425ml is a protein drink providing all 9 essential amino acids while providing sustained energy and fullness.",
          "source": "costco.com.au"
        },
        {
          "text": "Rokeby Farms ‚Äî All Rokeby Farms products are now available with Subscribe & Save ¬∑ Enjoy 5% off on every recurring order!",
          "source": "bulkeatswarehouse.com.au"
        },
        {
          "text": "Rokeby Nutrition ‚Äî Rokeby is a nutrition food company based in Melbourne. We make a range of award-winning dairy products to enjoy as part of a healthy lifestyle.",
          "source": "rokebynutrition.com"
        }
      ]
    },
    "dossier": {
      "brandTruths": [
        {
          "text": "Wicked Sister is leveraging the excitement of the upcoming 'Wicked: For Good' film by launching a limited-edition dessert pot range, aiming to drive consumer engagement through a movie-themed promotion.",
          "source": "insidefmcg.com.au"
        },
        {
          "text": "The brand's promotion offers an instant win mechanic, where purchasing two packs of Wicked Sister products gives consumers a chance to win movie tickets, effectively incentivizing multi-pack purchases.",
          "source": "wickedsisterwin.com.au"
        }
      ],
      "shopperTensions": [
        {
          "text": "Consumers are increasingly seeking convenience and indulgence, yet face cost-of-living pressures that may limit discretionary spending on premium desserts.",
          "source": "retail.org.au"
        },
        {
          "text": "While Wicked Sister positions itself as an everyday indulgence, the need to balance health-conscious choices with indulgence may create tension for health-aware consumers.",
          "source": "wickedsister.com.au"
        }
      ],
      "retailerReality": [
        {
          "text": "Coles and Woolworths dominate the retail landscape, with exclusive promotions like the Wicked Sister x Wicked campaign running through Woolworths, highlighting the retailer's clout in driving brand visibility.",
          "source": "coles.com.au"
        },
        {
          "text": "Freezer congestion in major supermarkets can limit shelf space for new product launches, making strategic partnerships with retailers crucial for visibility.",
          "source": "woolworths.com.au"
        }
      ],
      "competitorMoves": [
        {
          "text": "Rokeby Farms is expanding its product range with high-protein offerings, appealing to health-conscious consumers and potentially diverting attention from indulgent dessert options.",
          "source": "rokebynutrition.com"
        },
        {
          "text": "Competitors like Streets continue to maintain strong market presence, emphasizing the need for Wicked Sister to differentiate through unique promotions and partnerships.",
          "source": "brief"
        }
      ],
      "categorySignals": [
        {
          "text": "The frozen desserts market is projected to grow significantly, with a CAGR of approximately 5.4% from 2024 to 2034, indicating a robust opportunity for brands like Wicked Sister to capture market share.",
          "source": "globalinsightservices.com"
        },
        {
          "text": "The Australian ice cream market is expected to grow at a slower pace, with a 1.51% CAGR, suggesting that innovation and unique marketing strategies will be key to driving growth in the frozen dessert segment.",
          "source": "expertmarketresearch.com.au"
        }
      ],
      "benchmarks": []
    }
  },
  "benchmarks": {
    "cashback": {
      "sample": 0,
      "typicalAbs": null,
      "maxAbs": null,
      "typicalPct": null,
      "maxPct": null,
      "p25": null,
      "p75": null,
      "sources": []
    },
    "prizeCountsObserved": {
      "total": 0,
      "common": []
    },
    "recommendedHeroCount": 3,
    "positionVsMarket": "UNKNOWN"
  },
  "framingMeta": {
    "kind": "framing.v2",
    "behavioural_objective": "Drive two-pack purchases and capture opted-in dessert fans before the Wicked film release.",
    "tensions": [
      "Convenience vs indulgence",
      "Cost-of-living pressures",
      "Health-conscious choices"
    ],
    "audience": {
      "mindsets": [
        {
          "name": "Family Builders",
          "job": "Reward the family with purposeful treats that feel magical but still practical."
        }
      ]
    },
    "category_competition": {
      "tropes_to_avoid": [
        "Generic movie tie-ins"
      ],
      "spaces_to_own": [
        "Instant win excitement",
        "Family movie night"
      ]
    },
    "market_facts": [],
    "idea_core": [
      "Instantly win movie tickets",
      "Celebrate family movie nights"
    ],
    "proposition_candidates": [
      "Instant win excitement",
      "Family movie night magic"
    ],
    "hooks": [
      "Win a Movie Ticket Instantly",
      "Celebrate with Wicked Sister"
    ],
    "reasons_to_believe": [
      "Wicked Sister's indulgent desserts",
      "Exciting movie tie-in"
    ],
    "improvement_hypotheses": [
      "If reward is single-admit (e.g., one ticket), test pairing (two passes) to enable shared experience without inflating perceived cost.",
      "Default to a double pass so no one goes alone; optionally test Family or Gold Class tiers.",
      "Test a tight hero overlay (3 winners) aligned to the IP theme; keep breadth and cadence visible.",
      "Add a symbolic prize to enhance brand connection",
      "Highlight total winners to improve perceived odds"
    ],
    "prize_map": {
      "items": [
        "[object Object]"
      ],
      "has_symbolic_prize": false
    },
    "brand_truths": [
      "Wicked Sister offers everyday indulgence",
      "Aligns with family movie nights"
    ],
    "distinctive_assets": {
      "visual": [
        "Wicked Sister logo",
        "Movie-themed packaging"
      ],
      "verbal": [
        "Indulgent desserts",
        "Family rewards"
      ],
      "ritual": [
        "Sharing desserts during movie nights"
      ]
    },
    "category_codes": {
      "lean": [
        "Instant win promotions",
        "Family-focused marketing"
      ],
      "break": [
        "Complex entry mechanics",
        "Single mega-prizes"
      ]
    },
    "tone_of_voice": {
      "do": [
        "Be playful",
        "Emphasize excitement"
      ],
      "dont": [
        "Be overly complex",
        "Use technical jargon"
      ]
    },
    "non_negotiables": [
      "Instant win mechanic",
      "Movie ticket prize"
    ],
    "offer_iq": {
      "score": 4.9,
      "verdict": "REVIEW",
      "confidence": 0.45,
      "lenses": {
        "adequacy": {
          "score": 4.5,
          "why": "Expected buyers/entries not provided; adequacy judged via cadence and visibility.",
          "fix": "Add: expected buyers/entries and total winners, or show ‚ÄúTotal winners‚Äù and cadence in communications."
        },
        "simplicity": {
          "score": 6.5,
          "why": "Some admin implied (fields/proof or wait time).",
          "fix": "Keep claim one-screen; limit fields; good OCR; publish timelines."
        },
        "certainty": {
          "score": 4,
          "why": "Perceived odds unclear; cadence thin.",
          "fix": "Show cadence and ‚ÄúTotal winners‚Äù; avoid fine print that hides odds."
        },
        "salience": {
          "score": 4,
          "why": "Needs a visible moment or total-winners headline.",
          "fix": "Publish ‚ÄúTotal winners‚Äù and name the cadence; add a bold moment line."
        },
        "talkability": {
          "score": 5,
          "why": "Seasonal hook helps.",
          "fix": "Add a brand-right experiential or symbolic angle."
        },
        "retailerFit": {
          "score": 6,
          "why": "Ensure any adjudication is central; ship pre-packed POS.",
          "fix": "Keep staff script ‚â§5s; no in-store adjudication."
        },
        "brandFit": {
          "score": 5,
          "why": "Feels generic; weak brand lock.",
          "fix": "Lock line and visuals to distinctive assets and the brand‚Äôs functional truth."
        }
      },
      "hardFlags": [],
      "recommendations": [
        "Add: expected buyers/entries and total winners, or show ‚ÄúTotal winners‚Äù and cadence in communications.",
        "Keep claim one-screen; limit fields; good OCR; publish timelines.",
        "Publish ‚ÄúTotal winners‚Äù and name the cadence; add a bold moment line.",
        "Publish ‚ÄúTotal winners‚Äù and show cadence prominently."
      ],
      "asks": [
        "Provide expected buyers/entries (range)."
      ],
      "mode": "PRIZE",
      "diagnostics": {
        "valueAmount": 0,
        "aspAnchor": 100,
        "expectedBuyers": null,
        "totalWinners": 2010,
        "coverageRate": null,
        "cadenceSignals": false,
        "symbolicSignals": false,
        "headlineMax": 0,
        "banded": false,
        "overlay": false,
        "overlayExperiential": false,
        "overlayLabel": "",
        "researchBenchmarks": null,
        "cashbackVsMarket": "UNKNOWN",
        "heroVsMarket": "UNKNOWN"
      }
    },
    "research": {
      "brand": {
        "query": "The Wicked Sisters",
        "summary": "The Wicked Sisters is a Russian fairy tale collected by Alexander Afanasyev in Narodnye russkie skazki.",
        "facts": [
          {
            "claim": "Wicked Sister x Wicked ‚Äî Purchase any two packs of Wicked Sister Products for your chance to instantly win a movie ticket!",
            "source": "Source: wickedsisterwin.com.au (https://wickedsisterwin.com.au/)"
          },
          {
            "claim": "FAQs - Wicked Sister x Wicked ‚Äî Buy any 2 packs of Wicked Sister products in one transaction from a Woolworths store during the Woolworths Exclusive promotion period. Then go ...",
            "source": "Source: wickedsisterwin.com.au (https://wickedsisterwin.com.au/faq)"
          },
          {
            "claim": "Wicked Sister: Home Page ‚Äî Enjoy wickedly delicious desserts designed for everyday indulgence by Wicked Sister. Explore our wicked range, try recipes and find stockists here.",
            "source": "Source: wickedsister.com.au (https://www.wickedsister.com.au/)"
          }
        ]
      },
      "audience": {
        "notes": "Primary grocery buyers ‚Ä¢ They reward the family with purposeful treats that feel magical but still practical. ‚Ä¢ Plans movie nights, shares dessert finds on social, responds to retailer app notifications.",
        "facts": [
          {
            "claim": "Wicked Sister goes 'For Good' with new Wicked-inspired ... ‚Äî Chilled dessert brand Wicked Sister has launched limited-edition dessert pots inspired by Wicked: For Good film set to premiere next month.",
            "source": "Source: insidefmcg.com.au (https://insidefmcg.com.au/2025/10/13/wicked-sister-goes-for-good-with-new-wicked-inspired-desserts/)"
          },
          {
            "claim": "Paul Polly from Wicked Sister | Determined to succeed ‚Äî This is the story of Paul Polly and Wicked Sister desserts. Learn how he went from one pot to a $12 million factory.",
            "source": "Source: nab.com.au (https://www.nab.com.au/business/small-business/moments/business-progress/wickedsister)"
          },
          {
            "claim": "Wicked Sister bulks up protein pudding pack size ‚Äî With 15 grams of protein per serving and available in chocolate, strawberry, banana, along with a new vanilla flavour, these join the wider 170 ...",
            "source": "Source: foodanddrinkbusiness.com.au (https://www.foodanddrinkbusiness.com.au/new-in-store/wicked-sister-bulks-up-protein-pudding-pack-size)"
          }
        ]
      },
      "category": {
        "query": "Frozen dessert",
        "summary": "Frozen dessert is a dessert made by freezing liquids, semi-solids, and sometimes solids. They may be based on flavored water, on fruit pur√©es, on milk and cream, on custard, on mousse (semifreddo), and others. It is sometimes sold as ice-cream in South Asia and other countries.",
        "facts": [
          {
            "claim": "Frozen dessert is a dessert made by freezing liquids, semi-solids, and sometimes solids. They may be based on flavored water, on fruit pur√©es, on milk and cream, on custard, on mousse (semifreddo), and others. It is sometimes sold as ice-cream in South Asia and other countries.",
            "source": "Source: Wikipedia ‚Äî Frozen dessert (https://en.wikipedia.org/wiki/Frozen%20dessert)"
          },
          {
            "claim": "Australia Ice Cream Market Share, Growth & Forecast 2030 ‚Äî The Australia Ice Cream Market is projected to witness a CAGR of 2.95% for the forecast period between 2023 and 2030.",
            "source": "Source: marketsandata.com (https://www.marketsandata.com/industry-reports/australia-ice-cream-market)"
          },
          {
            "claim": "Australia Ice Cream Market Share, Size, Growth Report ‚Äî The Australia ice cream market, valued at AUD 1407.35 million in 2024, is projected to grow at 1.51% CAGR, reaching AUD 1634.90 million by 2034.",
            "source": "Source: expertmarketresearch.com.au (https://www.expertmarketresearch.com.au/reports/australia-ice-cream-market)"
          },
          {
            "claim": "Frozen Desserts Market Size, Growth, Trends and Forecast ‚Äî Frozen Desserts Market is anticipated to expand from $112.9 billion in 2024 to $191.5 billion by 2034, growing at a CAGR of approximately 5.4%.",
            "source": "Source: globalinsightservices.com (https://www.globalinsightservices.com/reports/frozen-desserts-market/)"
          },
          {
            "claim": "Frozen Desserts ‚Äî Frozen Desserts ; $9.00. $2.40 / 100G. Sara Lee Chocolate Swirl Bavarian 375g. Promoted ; $7.20. $9.00 $2.00 / 100G. Sara Lee French Cream Cheesecake 360g. 4.5 / ...Read more",
            "source": "Source: woolworths.com.au (https://www.woolworths.com.au/shop/browse/freezer/frozen-desserts?srsltid=AfmBOor978BnhC9QQ7V61ixEDkNXooZBKeO_izpimvDYa_XMaM_pK2PV)"
          },
          {
            "claim": "Ice Cream Specials & Offers ‚Äî SAVE $1.90. $7.60. $9.50 $0.76 / 100ML. Sanitarium So Good Vanilla Bliss Frozen Dessert 1L. Add to cart. Save to list. 20% Off. SAVE $3.00. $12.00. $15.00 $2.53 ...Read more",
            "source": "Source: woolworths.com.au (https://www.woolworths.com.au/shop/browse/freezer/ice-cream/ice-cream-specials?srsltid=AfmBOopklJhi7Q-ODSy445CW1x4bWiwbCJfR-Bf19Nz6h5iPuw5p1RoP)"
          }
        ]
      },
      "competitors": {
        "names": [
          "Rokeby Farms",
          "Priestley‚Äôs Gourmet Delights",
          "Jillian's Cakery",
          "Belle Fleur",
          "Beak & Johnston",
          "Carman's",
          "Pauls PLUS+",
          "Chobani",
          "Sara Lee",
          "Streets",
          "Ferrero Australia",
          "Gelatissimo"
        ],
        "facts": [
          {
            "claim": "Brief competitor: Streets",
            "source": "Source: brief"
          },
          {
            "claim": "Rokeby Farms Chocolate Protein Smoothie 6 x 425ml ‚Äî Rokeby Farms Chocolate Protein Smoothie 6 x 425ml is a protein drink providing all 9 essential amino acids while providing sustained energy and fullness.",
            "source": "Source: costco.com.au (https://www.costco.com.au/Business-Delivery/Beverages/Other-Drinks/Rokeby-Farms-Chocolate-Protein-Smoothie-6-x-425ml/p/163543_BD)"
          },
          {
            "claim": "Rokeby Farms ‚Äî All Rokeby Farms products are now available with Subscribe & Save ¬∑ Enjoy 5% off on every recurring order!",
            "source": "Source: bulkeatswarehouse.com.au (https://bulkeatswarehouse.com.au/collections/rokeby-farms?srsltid=AfmBOor6oarDx_IPDf159c9EL9eQwXX8n14gx1vpjMrGlr10qZ4zQgwm)"
          },
          {
            "claim": "Rokeby Nutrition ‚Äî Rokeby is a nutrition food company based in Melbourne. We make a range of award-winning dairy products to enjoy as part of a healthy lifestyle.",
            "source": "Source: rokebynutrition.com (https://rokebynutrition.com/)"
          },
          {
            "claim": "ROKEBY FARM Archives ‚Äî ROKEBY FARM offers Bold Brew drinks in flavors like Double Shot, Iced Mocha, and Iced Latte, and Protein Smoothies in flavors like Banana Honey & Cinnamon, ...",
            "source": "Source: coast2coastdistributors.com.au (https://coast2coastdistributors.com.au/product-category/alternate-flavoured-milks/rokeby-farm-alternate-flavoured-milks/)"
          },
          {
            "claim": "Shop Rokeby Products Online ‚Äî Shop your way at Coles. Our range of Rokeby products at everyday low prices you know and trust. Shop online and get home delivery or ...",
            "source": "Source: coles.com.au (https://www.coles.com.au/brands/rokeby-811816065?srsltid=AfmBOop9dnVgblMzb0AKajWg_OilDB9BIOzgQmQXynZr2Vt3zHlm3A-e)"
          },
          {
            "claim": "Rokeby Farms Protein Smoothie - Dutch Chocolate ‚Äî $4.95. Rokeby Farms Whole Protein Smoothie! Loaded with real cocoa for natural chocolate goodness. Ingredients: Filtered low fat milk, cane sugar, cream, dutch ...",
            "source": "Source: athletesnutrition.com.au (https://athletesnutrition.com.au/products/copy-of-rokeby-farms-protein-smoothie-banana-honey-cinnamon?srsltid=AfmBOopwuArEAMTQsdUswAhgf4qe8xQLZ0MEHrJwVeh5quVK1ZxLYReF)"
          },
          {
            "claim": "üéâüéâ COMPETITION: To share some smoothie love we are ... ‚Äî COMPETITION: To share some smoothie love we are giving away one lucky Rokeby Farms fan a year's supply of our smoothies! To enter: 1. Like ...",
            "source": "Source: instagram.com (https://www.instagram.com/p/CTTJ7b1PNIQ/)"
          },
          {
            "claim": "Competition/Antitrust & Consumer ‚Äî acquisition of a 45% interest in the Made Group (owners of the Cocobella, Rokeby Farms, Impressed Juice and Nutrient Water brands), together with its bottler, ...",
            "source": "Source: addisons.com (https://addisons.com/capabilities/competition-consumer-antitrust/)"
          },
          {
            "claim": "Our brands ‚Äî Rokeby is a functional dairy brand offering a range of high quality products that deliver natural straight-up nutrition to smartly power active people through ...",
            "source": "Source: madegroup.com (https://www.madegroup.com/our-brands)"
          },
          {
            "claim": "About Rokeby ‚Äî Rokeby products are naturally high in protein, made from fresh locally sourced milk and trusted quality ingredients, to help you smartly power through your day.",
            "source": "Source: rokebynutrition.com (https://rokebynutrition.com/pages/about-rokeby)"
          },
          {
            "claim": "Rokeby Farms: Premium protein driving significant growth ‚Äî Rokeby Farms innovative Whole Protein Breakfast Smoothies are made with fresh, cold-filtered milk that contains twice the protein of regular milk and no added ...",
            "source": "Source: c-store.com.au (https://www.c-store.com.au/rokeby-farms-premium-protein-driving-significant-growth/)"
          }
        ],
        "promos": [
          {
            "brand": "ROKEBYNUTRITION",
            "url": "https://rokebynutrition.com/",
            "source": "Source: rokebynutrition.com (https://rokebynutrition.com/)",
            "title": "Rokeby Nutrition",
            "headline": "Rokeby is a nutrition food company based in Melbourne. We make a range of award-winning dairy products to enjoy as part of a healthy lifestyle.",
            "type": "PRIZE",
            "heroCount": null,
            "totalWinners": null,
            "cadence": null,
            "prizeItems": [
              "car",
              "data",
              "tv"
            ],
            "prizeValueHint": null,
            "confidence": 0.6,
            "viaRedemption": false,
            "giftCard": null
          },
          {
            "brand": "RMHHOMELOTTERY",
            "url": "https://www.rmhhomelottery.com.au/pdfs/rmh-mel-2025-2-winners-FA.pdf",
            "source": "Source: rmhhomelottery.com.au (https://www.rmhhomelottery.com.au/pdfs/rmh-mel-2025-2-winners-FA.pdf)",
            "title": "Congratulations",
            "headline": "Congratulations to our. $5.3M Grand Prize winner! Rowena of Swifts Creek (#10134243) has won this fully furnished home in Camberwell. Win big ...",
            "type": "PRIZE",
            "heroCount": null,
            "totalWinners": null,
            "cadence": null,
            "prizeItems": [
              "data",
              "tv",
              "car",
              "cash",
              "holiday"
            ],
            "prizeValueHint": "$39",
            "confidence": 0.6,
            "viaRedemption": false,
            "giftCard": null
          },
          {
            "brand": "ADDISONS",
            "url": "https://addisons.com/capabilities/competition-consumer-antitrust/",
            "source": "Source: addisons.com (https://addisons.com/capabilities/competition-consumer-antitrust/)",
            "title": "Competition/Antitrust &amp; Consumer | Addisons | Sydney Law Firm",
            "headline": "Competition/Antitrust &#038; Consumer",
            "type": "PRIZE",
            "heroCount": null,
            "totalWinners": null,
            "cadence": null,
            "prizeItems": [
              "car",
              "data",
              "plan"
            ],
            "prizeValueHint": "$534",
            "confidence": 0.6,
            "viaRedemption": false,
            "giftCard": null
          },
          {
            "brand": "DIAA",
            "url": "https://diaa.asn.au/wp-content/uploads/2019_DIAA_Vic_Results.pdf",
            "source": "Source: diaa.asn.au (https://diaa.asn.au/wp-content/uploads/2019_DIAA_Vic_Results.pdf)",
            "title": "DIAA Victorian Dairy Product Competition",
            "headline": "Rokeby Farms Whole Protein Smoothie. Chocolate. 17.00. Bulla Dairy Foods. Bulla ... Victorian Dairy Product Competitions visit: www.diaa.asn.au. Dairy Industry.",
            "type": "PRIZE",
            "heroCount": null,
            "totalWinners": null,
            "cadence": null,
            "prizeItems": [
              "data",
              "tv",
              "car"
            ],
            "prizeValueHint": "$06",
            "confidence": 0.6,
            "viaRedemption": false,
            "giftCard": null
          },
          {
            "brand": "FOODANDDRINKBUSINESS",
            "url": "https://www.foodanddrinkbusiness.com.au/news/rethinking-the-white-drink",
            "source": "Source: foodanddrinkbusiness.com.au (https://www.foodanddrinkbusiness.com.au/news/rethinking-the-white-drink)",
            "title": "Rethinking the white drink - Food &amp; Drink Business",
            "headline": "Rethinking the white drink",
            "type": "PRIZE",
            "heroCount": null,
            "totalWinners": null,
            "cadence": null,
            "prizeItems": [
              "data",
              "car",
              "plan",
              "tv"
            ],
            "prizeValueHint": null,
            "confidence": 0.6,
            "viaRedemption": false,
            "giftCard": null
          },
          {
            "brand": "Rokeby Farms",
            "url": "https://www.retailbiz.com.au/offline-retailing/rokeby-farms-premium-protein-driving-significant-growth/",
            "source": "Source: retailbiz.com.au (https://www.retailbiz.com.au/offline-retailing/rokeby-farms-premium-protein-driving-significant-growth/)",
            "title": "Rokeby Farms: Premium protein driving significant growth - retailbiz",
            "headline": "Rokeby Farms sources fresh milk from a selection of farms located in Victoria, which is then delivered to its new manufacturing facility located ...",
            "type": "PRIZE",
            "heroCount": null,
            "totalWinners": null,
            "cadence": null,
            "prizeItems": [
              "car",
              "data",
              "plan",
              "plans",
              "tv"
            ],
            "prizeValueHint": "$10",
            "confidence": 0.6,
            "viaRedemption": false,
            "giftCard": null
          },
          {
            "brand": "WHATSINSEASON",
            "url": "https://www.whatsinseason.com.au/blog/turn-fries-into-cash-win-200k/",
            "source": "Source: whatsinseason.com.au (https://www.whatsinseason.com.au/blog/turn-fries-into-cash-win-200k/)",
            "title": "Turn Fries into Cash - Win $200K - Welcome - InSeason",
            "headline": "Turn Fries into Cash &#8211; Win $200K",
            "type": "PRIZE",
            "heroCount": null,
            "totalWinners": null,
            "cadence": "weekly",
            "prizeItems": [
              "data",
              "cash",
              "car",
              "tv"
            ],
            "prizeValueHint": "$200",
            "confidence": 0.6,
            "viaRedemption": false,
            "giftCard": null
          },
          {
            "brand": "PRIESTLEYS-GOURMET",
            "url": "https://www.priestleys-gourmet.com.au/",
            "source": "Source: priestleys-gourmet.com.au (https://www.priestleys-gourmet.com.au/)",
            "title": "Wholesale Cakes, Desserts &amp; Baked Goods for Cafes &amp; Businesses | Priestley&#039;s Gourmet Delights",
            "headline": "Homepage #New",
            "type": "PRIZE",
            "heroCount": null,
            "totalWinners": null,
            "cadence": null,
            "prizeItems": [
              "data",
              "car",
              "tv",
              "trip"
            ],
            "prizeValueHint": null,
            "confidence": 0.6,
            "viaRedemption": false,
            "giftCard": null
          },
          {
            "brand": "GOURMET-DELIGHTS",
            "url": "https://gourmet-delights.com.au/",
            "source": "Source: gourmet-delights.com.au (https://gourmet-delights.com.au/)",
            "title": "Gourmet Delights &#8211; A Little Bite of Heaven.",
            "headline": "Your perfect partner for me time moments.",
            "type": "PRIZE",
            "heroCount": null,
            "totalWinners": null,
            "cadence": null,
            "prizeItems": [
              "data",
              "car"
            ],
            "prizeValueHint": null,
            "confidence": 0.6,
            "viaRedemption": false,
            "giftCard": null
          },
          {
            "brand": "PRIESTLEYS-GOURMET",
            "url": "https://www.priestleys-gourmet.com.au/blog",
            "source": "Source: priestleys-gourmet.com.au (https://www.priestleys-gourmet.com.au/blog)",
            "title": "Priestley&#039;s Blog | Priestley&#039;s Gourmet Delights",
            "headline": "Priestley&#8217;s Blog",
            "type": "PRIZE",
            "heroCount": null,
            "totalWinners": null,
            "cadence": null,
            "prizeItems": [
              "data",
              "car",
              "tv",
              "holiday",
              "trip"
            ],
            "prizeValueHint": null,
            "confidence": 0.6,
            "viaRedemption": false,
            "giftCard": null
          },
          {
            "brand": "PRIESTLEYS-GOURMET",
            "url": "https://www.priestleys-gourmet.com.au/insight/podcasts",
            "source": "Source: priestleys-gourmet.com.au (https://www.priestleys-gourmet.com.au/insight/podcasts)",
            "title": "Podcasts | Priestley&#039;s Gourmet Delights",
            "headline": "Podcasts",
            "type": "PRIZE",
            "heroCount": null,
            "totalWinners": null,
            "cadence": null,
            "prizeItems": [
              "data",
              "car",
              "tv",
              "trip"
            ],
            "prizeValueHint": null,
            "confidence": 0.6,
            "viaRedemption": false,
            "giftCard": null
          },
          {
            "brand": "COURIERMAIL",
            "url": "https://www.couriermail.com.au/news/national/back-australia/how-priestleys-gourmet-delights-thrives-with-automation-while-supporting-more-australian-jobs/news-story/9b8e562ce4d2b5c64e80fb04cd3c62b2",
            "source": "Source: couriermail.com.au (https://www.couriermail.com.au/news/national/back-australia/how-priestleys-gourmet-delights-thrives-with-automation-while-supporting-more-australian-jobs/news-story/9b8e562ce4d2b5c64e80fb04cd3c62b2)",
            "title": "No Cookies | The Courier Mail",
            "headline": "No Cookies",
            "type": "PRIZE",
            "heroCount": null,
            "totalWinners": null,
            "cadence": null,
            "prizeItems": [
              "car",
              "data",
              "plan",
              "tv"
            ],
            "prizeValueHint": null,
            "confidence": 0.6,
            "viaRedemption": false,
            "giftCard": null
          },
          {
            "brand": "Jillian's Cakery",
            "url": "https://www.easyweddings.com.au/WeddingCakes/Sydney/JilliansCakery/",
            "source": "Source: easyweddings.com.au (https://www.easyweddings.com.au/WeddingCakes/Sydney/JilliansCakery/)",
            "title": "Jillian&#39;s Cakery - Wedding Cakes Surry Hills | Easy Weddings",
            "headline": "Jillian&#39;s Cakery",
            "type": "PRIZE",
            "heroCount": null,
            "totalWinners": null,
            "cadence": null,
            "prizeItems": [
              "data",
              "tv",
              "car",
              "plan",
              "cash"
            ],
            "prizeValueHint": null,
            "confidence": 0.6,
            "viaRedemption": false,
            "giftCard": null
          },
          {
            "brand": "Jillian's Cakery",
            "url": "https://www.sydneycakery.com.au/product/jillians-cakery-online-gift-card-redeemable-online-only/",
            "source": "Source: sydneycakery.com.au (https://www.sydneycakery.com.au/product/jillians-cakery-online-gift-card-redeemable-online-only/)",
            "title": "Jillian&#039;s Cakery Online Gift Card (redeemable online only) &#183; Sydney Cakery",
            "headline": "Jillian&#8217;s Cakery Online Gift Card (redeemable online only)",
            "type": "PRIZE",
            "heroCount": null,
            "totalWinners": null,
            "cadence": null,
            "prizeItems": [
              "gift card",
              "car",
              "data",
              "tv",
              "trip",
              "plan",
              "cash",
              "giftcard"
            ],
            "prizeValueHint": "$10",
            "confidence": 0.6,
            "viaRedemption": false,
            "giftCard": null
          },
          {
            "brand": "THATGIRLFROMSYDNEY",
            "url": "https://thatgirlfromsydney.com/2020/02/27/who-is-jillian-and-what-does-she-do/",
            "source": "Source: thatgirlfromsydney.com (https://thatgirlfromsydney.com/2020/02/27/who-is-jillian-and-what-does-she-do/)",
            "title": "Who Is Jillian And What Does She Do? &#8211; That Girl from Sydney",
            "headline": "Who Is Jillian And What Does She&nbsp;Do?",
            "type": "PRIZE",
            "heroCount": null,
            "totalWinners": null,
            "cadence": null,
            "prizeItems": [
              "car",
              "data",
              "plan",
              "tv"
            ],
            "prizeValueHint": null,
            "confidence": 0.6,
            "viaRedemption": false,
            "giftCard": null
          },
          {
            "brand": "Jillian's Cakery",
            "url": "https://www.theurbanlist.com/sydney/directory/jillian-s-cakery",
            "source": "Source: theurbanlist.com (https://www.theurbanlist.com/sydney/directory/jillian-s-cakery)",
            "title": "Jillian's Cakery | URBAN LIST SYDNEY",
            "headline": "Jillian‚Äôs Cakery",
            "type": "PRIZE",
            "heroCount": null,
            "totalWinners": null,
            "cadence": null,
            "prizeItems": [
              "tv",
              "data",
              "car"
            ],
            "prizeValueHint": null,
            "confidence": 0.6,
            "viaRedemption": false,
            "giftCard": null
          },
          {
            "brand": "YOUTUBE",
            "url": "https://www.youtube.com/c/jillianbutler",
            "source": "Source: youtube.com (https://www.youtube.com/c/jillianbutler)",
            "title": "Jillian Butler - YouTube",
            "headline": "I started a successful cake shop in Sydney called Jillian's Cakery that I ran for 7 years and there were lots of lessons that I learned along the way. Now ...",
            "type": "PRIZE",
            "heroCount": null,
            "totalWinners": null,
            "cadence": null,
            "prizeItems": [
              "data",
              "tv",
              "car"
            ],
            "prizeValueHint": null,
            "confidence": 0.6,
            "viaRedemption": false,
            "giftCard": null
          },
          {
            "brand": "Belle Fleur",
            "url": "https://bellefleur.com.au/",
            "source": "Source: bellefleur.com.au (https://bellefleur.com.au/)",
            "title": "Homepage | Belle Fleur Fine Chocolates | Chocolate Sydney",
            "headline": "Handmade chocolates that taste sensational. Choose from over 45 traditional and contemporary flavours in-store.Jump to",
            "type": "PRIZE",
            "heroCount": null,
            "totalWinners": null,
            "cadence": null,
            "prizeItems": [
              "car",
              "data",
              "tv",
              "trip",
              "gift card"
            ],
            "prizeValueHint": null,
            "confidence": 0.6,
            "viaRedemption": false,
            "giftCard": null
          },
          {
            "brand": "ADAIRS",
            "url": "https://www.adairs.com.au/terms-conditions/competitions/?srsltid=AfmBOoqdmhyAkjp-0mo6YgOOktDktJHmHAKnYF3zeB9uw5Neg7BZ2F6C",
            "source": "Source: adairs.com.au (https://www.adairs.com.au/terms-conditions/competitions/?srsltid=AfmBOoqdmhyAkjp-0mo6YgOOktDktJHmHAKnYF3zeB9uw5Neg7BZ2F6C)",
            "title": "Past Competitions | Adairs",
            "headline": "The 'Draw 3' winner is Edith Pullen. The 'Draw 4' winner is Vibeke Foss. The 'Adairs Kids Fur Cushions & Throw Competition' commenced at 12:00am AEST on the 14 ...Jump to",
            "type": "PRIZE",
            "heroCount": 3,
            "totalWinners": null,
            "cadence": null,
            "prizeItems": [
              "data",
              "car",
              "trip",
              "plan",
              "washer",
              "gift card",
              "tv",
              "voucher",
              "cash"
            ],
            "prizeValueHint": "$30",
            "confidence": 0.6,
            "viaRedemption": false,
            "giftCard": null
          },
          {
            "brand": "RMHHOMELOTTERY",
            "url": "https://www.rmhhomelottery.com.au/on/demandware.static/Sites-RML_MEL-Site/Sites-RML_MEL-Library/-/pdfs/rmh-mel-2025-1-winners-FA-2.pdf",
            "source": "Source: rmhhomelottery.com.au (https://www.rmhhomelottery.com.au/on/demandware.static/Sites-RML_MEL-Site/Sites-RML_MEL-Library/-/pdfs/rmh-mel-2025-1-winners-FA-2.pdf)",
            "title": "Congratulations",
            "headline": "Congratulations to our Early Bird winner! Jeffrey from Bulleen (#008153) has won the half a million Early Bird Prize! EARLY BIRD PRIZE.Jump to",
            "type": "PRIZE",
            "heroCount": null,
            "totalWinners": null,
            "cadence": null,
            "prizeItems": [
              "data",
              "tv",
              "cash",
              "holiday",
              "car",
              "plan"
            ],
            "prizeValueHint": "$39",
            "confidence": 0.6,
            "viaRedemption": false,
            "giftCard": null
          },
          {
            "brand": "ROCKYSHOW",
            "url": "https://www.rockyshow.com.au/Competitions/Animals-Competitions/Horse-Competition-Program",
            "source": "Source: rockyshow.com.au (https://www.rockyshow.com.au/Competitions/Animals-Competitions/Horse-Competition-Program)",
            "title": "Horse Competition Program Rockhampton Show",
            "headline": "Horse Competition Program",
            "type": "PRIZE",
            "heroCount": null,
            "totalWinners": null,
            "cadence": null,
            "prizeItems": [
              "car",
              "tv",
              "data",
              "plan"
            ],
            "prizeValueHint": null,
            "confidence": 0.6,
            "viaRedemption": false,
            "giftCard": null
          },
          {
            "brand": "BELLEFLEUR",
            "url": "https://bellefleur.com.au/occasions/",
            "source": "Source: bellefleur.com.au (https://bellefleur.com.au/occasions/)",
            "title": "Special Occasions &amp; Events | Belle Fleur Fine Chocolates",
            "headline": "Occasions",
            "type": "PRIZE",
            "heroCount": null,
            "totalWinners": null,
            "cadence": null,
            "prizeItems": [
              "car",
              "data",
              "tv",
              "trip",
              "gift card"
            ],
            "prizeValueHint": null,
            "confidence": 0.6,
            "viaRedemption": false,
            "giftCard": null
          },
          {
            "brand": "MARKETINGBEE",
            "url": "https://marketingbee.com.au/sharon-latour-returns-as-a-judge-for-the-2025-australian-web-awards/",
            "source": "Source: marketingbee.com.au (https://marketingbee.com.au/sharon-latour-returns-as-a-judge-for-the-2025-australian-web-awards/)",
            "title": "Sharon Latour Returns as a Judge for the 2025 Australian Web Awards - Marketing Bee",
            "headline": "Sharon Latour Returns as a Judge for the 2025 Australian Web Awards",
            "type": "PRIZE",
            "heroCount": null,
            "totalWinners": null,
            "cadence": null,
            "prizeItems": [
              "car",
              "data",
              "tv"
            ],
            "prizeValueHint": null,
            "confidence": 0.6,
            "viaRedemption": false,
            "giftCard": null
          },
          {
            "brand": "Beak & Johnston",
            "url": "https://www.beakandjohnston.com.au/",
            "source": "Source: beakandjohnston.com.au (https://www.beakandjohnston.com.au/)",
            "title": "Home - Quality Food Manufacturer | Beak &amp; Johnston",
            "headline": "Beak & Johnston is a proudly Australian, privately owned fresh food business with over 39 years of experience delivering innovative, value-added meal solutions.",
            "type": "PRIZE",
            "heroCount": null,
            "totalWinners": null,
            "cadence": null,
            "prizeItems": [
              "car",
              "data",
              "plan"
            ],
            "prizeValueHint": null,
            "confidence": 0.6,
            "viaRedemption": false,
            "giftCard": null
          },
          {
            "brand": "BEAKANDJOHNSTON",
            "url": "https://www.beakandjohnston.com.au/about-us/",
            "source": "Source: beakandjohnston.com.au (https://www.beakandjohnston.com.au/about-us/)",
            "title": "About Us - Quality Food Manufacturer | Beak &amp; Johnston",
            "headline": "Beak & Johnston was founded in 1986 by David Beak, bringing together four generations of global meat industry knowledge.",
            "type": "PRIZE",
            "heroCount": null,
            "totalWinners": null,
            "cadence": null,
            "prizeItems": [
              "car",
              "data",
              "plan"
            ],
            "prizeValueHint": "$15",
            "confidence": 0.6,
            "viaRedemption": false,
            "giftCard": null
          },
          {
            "brand": "BAKINGBUSINESS",
            "url": "https://bakingbusiness.com.au/wp-content/uploads/2019/10/2019-fine-food-catalogue-web.pdf",
            "source": "Source: bakingbusiness.com.au (https://bakingbusiness.com.au/wp-content/uploads/2019/10/2019-fine-food-catalogue-web.pdf)",
            "title": "Sydney Royal Fine Food Show - Baking Business",
            "headline": "It draws from Sydney Royal Champions throughout the year, examines, and celebrates truly inspirational, innovative agricultural food and beverage achievers.",
            "type": "PRIZE",
            "heroCount": null,
            "totalWinners": null,
            "cadence": null,
            "prizeItems": [
              "data",
              "tv",
              "car"
            ],
            "prizeValueHint": "$224",
            "confidence": 0.6,
            "viaRedemption": false,
            "giftCard": null
          },
          {
            "brand": "ISSUU",
            "url": "https://issuu.com/theintermediagroup/docs/c_i_retailing_magazine_august-september_2025",
            "source": "Source: issuu.com (https://issuu.com/theintermediagroup/docs/c_i_retailing_magazine_august-september_2025)",
            "title": "C&amp;amp;I Retailing Magazine August-September 2025 by The Intermedia Group - Issuu",
            "headline": "C&amp;I Retailing Magazine August-September 2025",
            "type": "PRIZE",
            "heroCount": null,
            "totalWinners": null,
            "cadence": null,
            "prizeItems": [
              "car",
              "data",
              "tv",
              "plans",
              "plan"
            ],
            "prizeValueHint": "$29",
            "confidence": 0.6,
            "viaRedemption": false,
            "giftCard": null
          },
          {
            "brand": "Beak & Johnston",
            "url": "https://www.accc.gov.au/media-release/woolworths%E2%80%99-proposed-acquisition-of-beak-johnston-not-opposed",
            "source": "Source: accc.gov.au (https://www.accc.gov.au/media-release/woolworths%E2%80%99-proposed-acquisition-of-beak-johnston-not-opposed)",
            "title": "Woolworths‚Äô proposed acquisition of Beak &amp; Johnston not opposed | ACCC",
            "headline": "The ACCC will not oppose Woolworths Group Limited's (ASX:WOW) proposed acquisition of Beak & Johnston Holdings Pty Ltd (B&J).",
            "type": "PRIZE",
            "heroCount": null,
            "totalWinners": null,
            "cadence": null,
            "prizeItems": [
              "data",
              "car"
            ],
            "prizeValueHint": null,
            "confidence": 0.6,
            "viaRedemption": false,
            "giftCard": null
          },
          {
            "brand": "Beak & Johnston",
            "url": "https://www.just-food.com/news/woolworths-beak-johnston-deal-approved/",
            "source": "Source: just-food.com (https://www.just-food.com/news/woolworths-beak-johnston-deal-approved/)",
            "title": "ACCC waves through Woolworths‚Äô Beak &amp; Johnston deal",
            "headline": "Australia regulator waves through Woolworths‚Äô Beak &#038; Johnston deal",
            "type": "PRIZE",
            "heroCount": null,
            "totalWinners": null,
            "cadence": null,
            "prizeItems": [
              "data",
              "car",
              "plan",
              "tv"
            ],
            "prizeValueHint": null,
            "confidence": 0.6,
            "viaRedemption": false,
            "giftCard": null
          },
          {
            "brand": "Beak & Johnston",
            "url": "https://morganenglishlawyers.com.au/morgan-english-advises-beak-johnston-group-on-strategic-sale-to-woolworths/",
            "source": "Source: morganenglishlawyers.com.au (https://morganenglishlawyers.com.au/morgan-english-advises-beak-johnston-group-on-strategic-sale-to-woolworths/)",
            "title": "Morgan + English Advises Beak &amp; Johnston Group on Strategic Sale to Woolworths | Morgan English Lawyers",
            "headline": "Morgan + English Advises Beak &#038; Johnston Group on Strategic Sale to Woolworths",
            "type": "PRIZE",
            "heroCount": null,
            "totalWinners": null,
            "cadence": null,
            "prizeItems": [
              "data",
              "car",
              "cash",
              "trip",
              "plan",
              "tv"
            ],
            "prizeValueHint": null,
            "confidence": 0.6,
            "viaRedemption": false,
            "giftCard": null
          },
          {
            "brand": "Beak & Johnston",
            "url": "https://www.comcom.govt.nz/news-and-media/news-and-events/2025/woolworths-seeks-clearance-to-acquire-beak-and-johnston/",
            "source": "Source: comcom.govt.nz (https://www.comcom.govt.nz/news-and-media/news-and-events/2025/woolworths-seeks-clearance-to-acquire-beak-and-johnston/)",
            "title": "Woolworths seeks clearance to acquire Beak &amp; Johnston | Commerce Commission",
            "headline": "We will give clearance to a proposed merger if we are satisfied that the merger is unlikely to have the effect of substantially lessening ...",
            "type": "PRIZE",
            "heroCount": null,
            "totalWinners": null,
            "cadence": null,
            "prizeItems": [
              "trip",
              "car",
              "data",
              "plan"
            ],
            "prizeValueHint": null,
            "confidence": 0.6,
            "viaRedemption": false,
            "giftCard": null
          },
          {
            "brand": "Beak & Johnston",
            "url": "https://insideretail.com.au/news/woolworths-seeks-clearance-to-buy-beak-johnston-202501",
            "source": "Source: insideretail.com.au (https://insideretail.com.au/news/woolworths-seeks-clearance-to-buy-beak-johnston-202501)",
            "title": "Woolworths seeks clearance to buy Beak &amp; Johnston - Inside Retail Australia",
            "headline": "Woolworths seeks clearance to buy Beak &amp; Johnston",
            "type": "PRIZE",
            "heroCount": null,
            "totalWinners": null,
            "cadence": null,
            "prizeItems": [
              "data",
              "car",
              "trip"
            ],
            "prizeValueHint": "$110",
            "confidence": 0.6,
            "viaRedemption": false,
            "giftCard": null
          },
          {
            "brand": "Carman's",
            "url": "https://carmanskitchen.com.au/carmans-quarterly-care-package-giveaway-2025/",
            "source": "Source: carmanskitchen.com.au (https://carmanskitchen.com.au/carmans-quarterly-care-package-giveaway-2025/)",
            "title": "Carman‚Äôs Quarterly Care Package Giveaway Terms &amp; Conditions 2025 | Carman's Kitchen",
            "headline": "Carman‚Äôs Quarterly Care Package Giveaway Terms &#038; Conditions 2025",
            "type": "PRIZE",
            "heroCount": null,
            "totalWinners": null,
            "cadence": null,
            "prizeItems": [
              "data",
              "car",
              "plan",
              "cash",
              "tv"
            ],
            "prizeValueHint": "$100",
            "confidence": 0.6,
            "viaRedemption": false,
            "giftCard": null
          },
          {
            "brand": "Carman's",
            "url": "https://carmanskitchen.com.au/fun-run-giveaway-terms-conditions/",
            "source": "Source: carmanskitchen.com.au (https://carmanskitchen.com.au/fun-run-giveaway-terms-conditions/)",
            "title": "Carman‚Äôs Fun Run Giveaway Terms &amp; Conditions | Carman's Kitchen",
            "headline": "Carman&#8217;s Fun Run Giveaway Terms &#038; Conditions",
            "type": "PRIZE",
            "heroCount": 1,
            "totalWinners": null,
            "cadence": "instant",
            "prizeItems": [
              "data",
              "car",
              "plan",
              "voucher",
              "cash",
              "tv"
            ],
            "prizeValueHint": "$200",
            "confidence": 0.6,
            "viaRedemption": false,
            "giftCard": null
          },
          {
            "brand": "CARMANSKITCHEN",
            "url": "https://carmanskitchen.com.au/porridge-competition-terms-conditions/",
            "source": "Source: carmanskitchen.com.au (https://carmanskitchen.com.au/porridge-competition-terms-conditions/)",
            "title": "Porridge Competition Terms &amp; Conditions | Carman's Kitchen",
            "headline": "Porridge Competition Terms &#038; Conditions",
            "type": "PRIZE",
            "heroCount": null,
            "totalWinners": null,
            "cadence": null,
            "prizeItems": [
              "data",
              "car",
              "plan",
              "cash",
              "tv"
            ],
            "prizeValueHint": "$250",
            "confidence": 0.6,
            "viaRedemption": false,
            "giftCard": null
          },
          {
            "brand": "CARMANSKITCHEN",
            "url": "https://carmanskitchen.com.au/win-a-trip-to-byron-terms-and-conditions/",
            "source": "Source: carmanskitchen.com.au (https://carmanskitchen.com.au/win-a-trip-to-byron-terms-and-conditions/)",
            "title": "Win a Trip to Byron Terms and Conditions | Carman's Kitchen",
            "headline": "Win a Trip to Byron Terms and Conditions",
            "type": "PRIZE",
            "heroCount": null,
            "totalWinners": null,
            "cadence": "instant",
            "prizeItems": [
              "data",
              "car",
              "trip",
              "plan",
              "holiday",
              "voucher",
              "cash",
              "tv"
            ],
            "prizeValueHint": "$11,805",
            "confidence": 0.6,
            "viaRedemption": false,
            "giftCard": null
          },
          {
            "brand": "Carman's",
            "url": "https://solemotive.com/pages/carmans-fun-run-syd-10k?srsltid=AfmBOooHB3xkXtaoGZ9mG-_L0--9mW5jbbRWm1pnggI7e99sIs6BVcnZ",
            "source": "Source: solemotive.com (https://solemotive.com/pages/carmans-fun-run-syd-10k?srsltid=AfmBOooHB3xkXtaoGZ9mG-_L0--9mW5jbbRWm1pnggI7e99sIs6BVcnZ)",
            "title": "Carman&#39;s Fun Run Sydney 2025 - 10K | Sole Motive",
            "headline": "The Carman's Fun Run Sydney 2025 is on 21 September at Metcalfe Park, Pyrmont, with a 9:00am start. The course is a flat 2 lap with Sydney views.",
            "type": "PRIZE",
            "heroCount": null,
            "totalWinners": null,
            "cadence": null,
            "prizeItems": [
              "data",
              "car",
              "trip",
              "tv",
              "cash"
            ],
            "prizeValueHint": "$80",
            "confidence": 0.6,
            "viaRedemption": false,
            "giftCard": null
          },
          {
            "brand": "Carman's",
            "url": "https://solemotive.com/pages/carmans-fun-run-syd-home?srsltid=AfmBOorQvL6V5sSGXodJyYnpq2M5S1edAD0ntuyCApEKW69H8iURTuCJ",
            "source": "Source: solemotive.com (https://solemotive.com/pages/carmans-fun-run-syd-home?srsltid=AfmBOorQvL6V5sSGXodJyYnpq2M5S1edAD0ntuyCApEKW69H8iURTuCJ)",
            "title": "Carman&#39;s Fun Run Sydney 2025 | Sole Motive",
            "headline": "BCNA MERCHANDISE STAND &amp; MINI-FIELD OF WOMEN",
            "type": "PRIZE",
            "heroCount": null,
            "totalWinners": null,
            "cadence": null,
            "prizeItems": [
              "data",
              "car",
              "trip",
              "tv",
              "cash",
              "plan"
            ],
            "prizeValueHint": "$60",
            "confidence": 0.6,
            "viaRedemption": false,
            "giftCard": null
          },
          {
            "brand": "Carman's",
            "url": "https://solemotive.com/pages/carmans-fun-run-mel-home?srsltid=AfmBOorSgV-UdaNVOUP8CKAqEEIrYHFLflLVAtbLwxYAcUtICnE2zL_9",
            "source": "Source: solemotive.com (https://solemotive.com/pages/carmans-fun-run-mel-home?srsltid=AfmBOorSgV-UdaNVOUP8CKAqEEIrYHFLflLVAtbLwxYAcUtICnE2zL_9)",
            "title": "Carman&#39;s Fun Run Melbourne 2026 | Sole Motive",
            "headline": "BCNA MERCHANDISE STAND",
            "type": "PRIZE",
            "heroCount": null,
            "totalWinners": null,
            "cadence": null,
            "prizeItems": [
              "data",
              "car",
              "trip",
              "tv",
              "cash",
              "plan"
            ],
            "prizeValueHint": "$60",
            "confidence": 0.6,
            "viaRedemption": false,
            "giftCard": null
          },
          {
            "brand": "Carman's",
            "url": "https://www.bcna.org.au/event-directory/major-events/carman-s-fun-run-2025-sydney/",
            "source": "Source: bcna.org.au (https://www.bcna.org.au/event-directory/major-events/carman-s-fun-run-2025-sydney/)",
            "title": "Carman&#x2019;s Fun Run 2025 - Sydney",
            "headline": "Run, jog or walk 21.1K, 10K, or 5K and make your run count by raising funds to help Australians affected by breast cancer. Secure your spot now and help us turn ...",
            "type": "PRIZE",
            "heroCount": null,
            "totalWinners": null,
            "cadence": null,
            "prizeItems": [
              "data",
              "car",
              "tv"
            ],
            "prizeValueHint": "$30",
            "confidence": 0.6,
            "viaRedemption": false,
            "giftCard": null
          },
          {
            "brand": "Carman's",
            "url": "https://www.bcna.org.au/event-directory/major-events/carman-s-fun-run-2025-melbourne/",
            "source": "Source: bcna.org.au (https://www.bcna.org.au/event-directory/major-events/carman-s-fun-run-2025-melbourne/)",
            "title": "Carman&#x2019;s Fun Run 2025 - Melbourne",
            "headline": "Carman's Fun Run 2025 is on Feb 16 at Elsternwick Park, Brighton, with half-marathon, 10km, 5km run and 5km walk options. It starts at 5:45 am and ends at 1:00 ...",
            "type": "PRIZE",
            "heroCount": null,
            "totalWinners": null,
            "cadence": null,
            "prizeItems": [
              "data",
              "car",
              "tv"
            ],
            "prizeValueHint": "$30",
            "confidence": 0.6,
            "viaRedemption": false,
            "giftCard": null
          },
          {
            "brand": "PAULSPROMO",
            "url": "https://www.paulspromo.com.au/",
            "source": "Source: paulspromo.com.au (https://www.paulspromo.com.au/)",
            "title": "Paul&#039;s Kids Yoghurt Minions Promotion",
            "headline": "Open to AU res 18+. Starts: 17/3/25:12AM AEDT. Ends: 30/5/25:11.59PM AEST. Max 1 entry per transaction. Retain receipts. Draw: 51A/23 Norton St, Leichhardt, NSW ...",
            "type": "PRIZE",
            "heroCount": null,
            "totalWinners": null,
            "cadence": null,
            "prizeItems": [
              "data",
              "tv",
              "trip"
            ],
            "prizeValueHint": "$17,225",
            "confidence": 0.6,
            "viaRedemption": false,
            "giftCard": null
          },
          {
            "brand": "REDDYEXPRESS",
            "url": "https://www.reddyexpress.com.au/terms-and-conditions/peel-N-win",
            "source": "Source: reddyexpress.com.au (https://www.reddyexpress.com.au/terms-and-conditions/peel-N-win)",
            "title": "Reddy, Set, Peel &amp; Win - T&amp;Cs | Reddy Express",
            "headline": "All prize claims and entries into the unclaimed prize draw must be made by Entrants by no later than 11.59pm (Sydney time) on 30 September 2025. 5.",
            "type": "PRIZE",
            "heroCount": null,
            "totalWinners": null,
            "cadence": "instant",
            "prizeItems": [
              "data",
              "car",
              "gift card",
              "plans",
              "holiday",
              "voucher",
              "cash",
              "trip",
              "giftcard",
              "plan"
            ],
            "prizeValueHint": "$10",
            "confidence": 0.6,
            "viaRedemption": false,
            "giftCard": null
          },
          {
            "brand": "PAULS",
            "url": "https://www.pauls.com.au/",
            "source": "Source: pauls.com.au (https://www.pauls.com.au/)",
            "title": "Pauls Dairy",
            "headline": "We're pretty passionate about making great tasting products packed with real dairy goodness. We put that devotion into every Pauls milk, cream, custard, yoghurt ...",
            "type": "PRIZE",
            "heroCount": null,
            "totalWinners": null,
            "cadence": null,
            "prizeItems": [
              "data",
              "car",
              "tv"
            ],
            "prizeValueHint": null,
            "confidence": 0.6,
            "viaRedemption": false,
            "giftCard": null
          },
          {
            "brand": "SCHOOLFUNDRAISING",
            "url": "https://www.schoolfundraising.com.au/",
            "source": "Source: schoolfundraising.com.au (https://www.schoolfundraising.com.au/)",
            "title": "School Fundraising | Empowering Schools Through Colour Runs",
            "headline": "We're Australia's ultimate school fundraising partner ... When parents use it to create a profile, they go into the draw to win a $500 prize credit.",
            "type": "PRIZE",
            "heroCount": 500,
            "totalWinners": null,
            "cadence": null,
            "prizeItems": [
              "car",
              "data",
              "tv",
              "trip",
              "plan",
              "cash"
            ],
            "prizeValueHint": "$500",
            "confidence": 0.6,
            "viaRedemption": false,
            "giftCard": null
          },
          {
            "brand": "Chobani",
            "url": "https://www.chobani.com.au/chobani-fit-competition-terms-and-conditions/",
            "source": "Source: chobani.com.au (https://www.chobani.com.au/chobani-fit-competition-terms-and-conditions/)",
            "title": "Chobani Fit Competition - Terms and Conditions - Chobani Australia",
            "headline": "Chobani Fit Competition &#8211; Terms and Conditions",
            "type": "PRIZE",
            "heroCount": null,
            "totalWinners": null,
            "cadence": null,
            "prizeItems": [
              "car",
              "data",
              "cash"
            ],
            "prizeValueHint": "$399",
            "confidence": 0.6,
            "viaRedemption": false,
            "giftCard": null
          },
          {
            "brand": "Chobani",
            "url": "https://www.ozbargain.com.au/node/926882",
            "source": "Source: ozbargain.com.au (https://www.ozbargain.com.au/node/926882)",
            "title": "Win a KitchenAid Pure Power Blender + Chobani No Sugar Added Prize Pack from KitchenAid - OzBargain Competitions",
            "headline": "Win a KitchenAid Pure Power Blender + Chobani No Sugar Added Prize Pack from KitchenAid",
            "type": "PRIZE",
            "heroCount": null,
            "totalWinners": null,
            "cadence": null,
            "prizeItems": [
              "car",
              "tv",
              "data",
              "voucher",
              "gift card",
              "cash"
            ],
            "prizeValueHint": "$274",
            "confidence": 0.6,
            "viaRedemption": false,
            "giftCard": null
          },
          {
            "brand": "Chobani",
            "url": "https://www.ozbargain.com.au/competition/chobani.com.au",
            "source": "Source: ozbargain.com.au (https://www.ozbargain.com.au/competition/chobani.com.au)",
            "title": "Chobani: Competitions - OzBargain Competitions",
            "headline": "Chobani &raquo; Competitions",
            "type": "PRIZE",
            "heroCount": null,
            "totalWinners": null,
            "cadence": null,
            "prizeItems": [
              "car",
              "data",
              "voucher",
              "gift card",
              "cash"
            ],
            "prizeValueHint": "$100",
            "confidence": 0.6,
            "viaRedemption": false,
            "giftCard": null
          },
          {
            "brand": "CHOBANI",
            "url": "https://www.chobani.com.au/competition-tscs/",
            "source": "Source: chobani.com.au (https://www.chobani.com.au/competition-tscs/)",
            "title": "Competition - Terms and Conditions 2024 - Chobani Australia",
            "headline": "Chobani Australia Terms and Conditions. View Chobani x Remedy Terms and Conditions ¬∑ View Chobani x Ninja Kitchen Terms and Conditions ...",
            "type": "PRIZE",
            "heroCount": null,
            "totalWinners": null,
            "cadence": null,
            "prizeItems": [
              "car",
              "data"
            ],
            "prizeValueHint": null,
            "confidence": 0.6,
            "viaRedemption": false,
            "giftCard": null
          },
          {
            "brand": "Chobani",
            "url": "https://www.chobani.com.au/",
            "source": "Source: chobani.com.au (https://www.chobani.com.au/)",
            "title": "Chobani Australia",
            "headline": "Real yogurt. Real simple.",
            "type": "PRIZE",
            "heroCount": null,
            "totalWinners": null,
            "cadence": null,
            "prizeItems": [
              "car",
              "data",
              "plan"
            ],
            "prizeValueHint": null,
            "confidence": 0.6,
            "viaRedemption": false,
            "giftCard": null
          },
          {
            "brand": "Sara Lee",
            "url": "https://winwithsaralee.com.au/conditions.html",
            "source": "Source: winwithsaralee.com.au (https://winwithsaralee.com.au/conditions.html)",
            "title": "Sara Lee Waffles 30k Giveaway Instant Win Promotion",
            "headline": "There are 150 prizes to be given away in this Promotion: 12 x AUD$1,000.00 Cash Prize, 13 x AUD$500.00 Mastercard eVouchers and 15 x AUD$250.00 Mastercard ...",
            "type": "PRIZE",
            "heroCount": 150,
            "totalWinners": null,
            "cadence": "instant",
            "prizeItems": [
              "data",
              "cash",
              "car",
              "voucher"
            ],
            "prizeValueHint": "$500",
            "confidence": 0.6,
            "viaRedemption": false,
            "giftCard": null
          },
          {
            "brand": "Sara Lee",
            "url": "https://saralee.com.au/enter-for-your-chance-to-win-our-grocery-giveaway/",
            "source": "Source: saralee.com.au (https://saralee.com.au/enter-for-your-chance-to-win-our-grocery-giveaway/)",
            "title": "Enter for your chance to WIN our Grocery Giveaway! &#8211; Sara Lee",
            "headline": "Enter for your chance to WIN our Grocery Giveaway!",
            "type": "PRIZE",
            "heroCount": null,
            "totalWinners": null,
            "cadence": null,
            "prizeItems": [
              "voucher",
              "data",
              "car",
              "tv"
            ],
            "prizeValueHint": "$200",
            "confidence": 0.6,
            "viaRedemption": false,
            "giftCard": null
          },
          {
            "brand": "Sara Lee",
            "url": "https://saraleefoodservice.com.au/news-promotions/",
            "source": "Source: saraleefoodservice.com.au (https://saraleefoodservice.com.au/news-promotions/)",
            "title": "News &amp; Promotions | Sara Lee Foodservice Australia",
            "headline": "News &#038; Promotions",
            "type": "PRIZE",
            "heroCount": null,
            "totalWinners": null,
            "cadence": null,
            "prizeItems": [
              "data",
              "car",
              "tv"
            ],
            "prizeValueHint": null,
            "confidence": 0.6,
            "viaRedemption": false,
            "giftCard": null
          },
          {
            "brand": "Sara Lee",
            "url": "https://saralee.com.au/grocery-giveaway-tcs-australia/",
            "source": "Source: saralee.com.au (https://saralee.com.au/grocery-giveaway-tcs-australia/)",
            "title": "Grocery Giveaway T&#038;Cs Australia &#8211; Sara Lee",
            "headline": "Grocery Giveaway T&#038;Cs Australia",
            "type": "PRIZE",
            "heroCount": null,
            "totalWinners": null,
            "cadence": null,
            "prizeItems": [
              "data",
              "car",
              "tv",
              "gift card",
              "cash",
              "plan"
            ],
            "prizeValueHint": "$200",
            "confidence": 0.6,
            "viaRedemption": false,
            "giftCard": null
          },
          {
            "brand": "Sara Lee",
            "url": "https://winwithsaralee.com.au/images/Sara%20Lee%20Instant%20Win%20T&C's.pdf",
            "source": "Source: winwithsaralee.com.au (https://winwithsaralee.com.au/images/Sara%20Lee%20Instant%20Win%20T&C's.pdf)",
            "title": "Sara Lee Waffles 30k Giveaway Instant Win Promotion",
            "headline": "Winners will have their initials and state announced on the Sara Lee Promotional website at www.winwithsaralee.com by 30th October, 2024. 14. If ...",
            "type": "PRIZE",
            "heroCount": null,
            "totalWinners": null,
            "cadence": null,
            "prizeItems": [
              "tv"
            ],
            "prizeValueHint": "$222",
            "confidence": 0.6,
            "viaRedemption": false,
            "giftCard": null
          },
          {
            "brand": "Sara Lee",
            "url": "http://winwithsaralee.com.au/",
            "source": "Source: winwithsaralee.com.au (http://winwithsaralee.com.au/)",
            "title": "Sara Lee Waffles 30k Giveaway Instant Win Promotion",
            "headline": "The promotion commences on the 15/9/2024 at 0900 (AEST) and closes 27/10/2024 at 1700 (AEST). For full T&C's go to www.winwithsaralee.",
            "type": "PRIZE",
            "heroCount": null,
            "totalWinners": null,
            "cadence": "instant",
            "prizeItems": [
              "data",
              "car",
              "voucher",
              "tv"
            ],
            "prizeValueHint": null,
            "confidence": 0.6,
            "viaRedemption": false,
            "giftCard": null
          },
          {
            "brand": "Sara Lee",
            "url": "https://saralee.com.au/enter-for-your-chance-to-win-a-pair-of-sara-lee-socks-for-dad-terms-and-conditions-2/",
            "source": "Source: saralee.com.au (https://saralee.com.au/enter-for-your-chance-to-win-a-pair-of-sara-lee-socks-for-dad-terms-and-conditions-2/)",
            "title": "Enter for your chance to WIN a pair of Sara Lee socks for Dad! Terms and Conditions &#8211; Sara Lee",
            "headline": "Enter for your chance to WIN a pair of Sara Lee socks for Dad! Terms and Conditions",
            "type": "PRIZE",
            "heroCount": 25,
            "totalWinners": 25,
            "cadence": null,
            "prizeItems": [
              "data",
              "car",
              "tv",
              "cash",
              "plan"
            ],
            "prizeValueHint": "$30",
            "confidence": 0.6,
            "viaRedemption": false,
            "giftCard": null
          },
          {
            "brand": "Sara Lee",
            "url": "https://saralee.com.au/enter-for-your-chance-to-win-a-kitchenaid-mixer/",
            "source": "Source: saralee.com.au (https://saralee.com.au/enter-for-your-chance-to-win-a-kitchenaid-mixer/)",
            "title": "Enter for your chance to WIN a KitchenAid Mixer! &#8211; Sara Lee",
            "headline": "Enter for your chance to WIN a KitchenAid Mixer!",
            "type": "PRIZE",
            "heroCount": null,
            "totalWinners": null,
            "cadence": null,
            "prizeItems": [
              "data",
              "car",
              "tv",
              "plan",
              "trip"
            ],
            "prizeValueHint": null,
            "confidence": 0.6,
            "viaRedemption": false,
            "giftCard": null
          },
          {
            "brand": "TUFFSTREETERS",
            "url": "https://tuffstreeters.com.au/",
            "source": "Source: tuffstreeters.com.au (https://tuffstreeters.com.au/)",
            "title": "Home - Tuff Streeters",
            "headline": "We Are Tuff Streeters",
            "type": "PRIZE",
            "heroCount": null,
            "totalWinners": null,
            "cadence": "weekly",
            "prizeItems": [
              "car",
              "data",
              "cash",
              "trip"
            ],
            "prizeValueHint": "$100",
            "confidence": 0.6,
            "viaRedemption": false,
            "giftCard": null
          },
          {
            "brand": "LINKT",
            "url": "https://www.linkt.com.au/campaigns/driveaway/sydney",
            "source": "Source: linkt.com.au (https://www.linkt.com.au/campaigns/driveaway/sydney)",
            "title": "Pardon Our Interruption",
            "headline": "Pardon Our Interruption",
            "type": "PRIZE",
            "heroCount": null,
            "totalWinners": null,
            "cadence": null,
            "prizeItems": [],
            "prizeValueHint": null,
            "confidence": 0.6,
            "viaRedemption": false,
            "giftCard": null
          },
          {
            "brand": "YOURTOWN",
            "url": "https://www.yourtown.com.au/",
            "source": "Source: yourtown.com.au (https://www.yourtown.com.au/)",
            "title": "yourtown | Art Union & Community Services | Prize Homes",
            "headline": "Every young person deserves a chance to thrive",
            "type": "PRIZE",
            "heroCount": null,
            "totalWinners": null,
            "cadence": null,
            "prizeItems": [
              "car",
              "data",
              "tv"
            ],
            "prizeValueHint": null,
            "confidence": 0.6,
            "viaRedemption": false,
            "giftCard": null
          },
          {
            "brand": "RAFFLETIX",
            "url": "https://www.raffletix.com.au/raffles",
            "source": "Source: raffletix.com.au (https://www.raffletix.com.au/raffles)",
            "title": "Live raffles",
            "headline": "Live raffles",
            "type": "PRIZE",
            "heroCount": null,
            "totalWinners": null,
            "cadence": null,
            "prizeItems": [
              "tv",
              "data",
              "car"
            ],
            "prizeValueHint": null,
            "confidence": 0.6,
            "viaRedemption": false,
            "giftCard": null
          },
          {
            "brand": "MOTORCULTUREAUSTRALIA",
            "url": "https://www.motorcultureaustralia.com/current-giveaways/",
            "source": "Source: motorcultureaustralia.com (https://www.motorcultureaustralia.com/current-giveaways/)",
            "title": "Current Giveaways &#8211; Motor Culture Australia",
            "headline": "1 DAY ONLY! Mercedes AMG C63S ¬∑ 1 WEEK ONLY: Brand New INEOS Grenadier ¬∑ 1 DAY ONLY: $100,000 Cash Giveaway ¬∑ 2023 Honda Civic Type R ¬∑ 1 Week Only: Brand New 2024 ...",
            "type": "PRIZE",
            "heroCount": null,
            "totalWinners": null,
            "cadence": null,
            "prizeItems": [
              "data",
              "car",
              "cash",
              "trip"
            ],
            "prizeValueHint": "$100,000",
            "confidence": 0.6,
            "viaRedemption": false,
            "giftCard": null
          },
          {
            "brand": "RSREWARDS",
            "url": "https://rsrewards.com.au/competition",
            "source": "Source: rsrewards.com.au (https://rsrewards.com.au/competition)",
            "title": "RS Rewards - Australia's Best Rewards Club",
            "headline": "Join RS Rewards for monthly prize draws and exclusive competitions. Win amazing prizes including cash, gift cards, and more. Enter our monthly raffles ...",
            "type": "PRIZE",
            "heroCount": null,
            "totalWinners": null,
            "cadence": "weekly",
            "prizeItems": [
              "cash",
              "gift card",
              "car",
              "trip",
              "data",
              "plan",
              "plans"
            ],
            "prizeValueHint": "$20",
            "confidence": 0.6,
            "viaRedemption": false,
            "giftCard": null
          },
          {
            "brand": "REDBULL",
            "url": "https://www.redbull.com/au-en/events/red-bull-dance-your-style-national-finals-australia",
            "source": "Source: redbull.com (https://www.redbull.com/au-en/events/red-bull-dance-your-style-national-finals-australia)",
            "title": "Red Bull Dance Your Style Final Australia 2025",
            "headline": "Red Bull Dance Your Style is a 1v1 Street Dance battle competition where Australia's best street dancers dance to unpredictable music hits and the crowd ...",
            "type": "PRIZE",
            "heroCount": null,
            "totalWinners": null,
            "cadence": null,
            "prizeItems": [
              "data",
              "car"
            ],
            "prizeValueHint": null,
            "confidence": 0.6,
            "viaRedemption": false,
            "giftCard": null
          },
          {
            "brand": "MASTERSOFCHOREOGRAPHY",
            "url": "https://www.mastersofchoreography.com/udo-australia",
            "source": "Source: mastersofchoreography.com (https://www.mastersofchoreography.com/udo-australia)",
            "title": "UDO AUSTRALIA | Masters Of Choreogra",
            "headline": "UDO Australia falls under the Masters of Choreography umbrella and is our National Street Dance competition which we have hosted since 2015.",
            "type": "PRIZE",
            "heroCount": null,
            "totalWinners": null,
            "cadence": null,
            "prizeItems": [
              "tv",
              "data",
              "car",
              "plans",
              "trip",
              "giftcard",
              "plan"
            ],
            "prizeValueHint": null,
            "confidence": 0.6,
            "viaRedemption": false,
            "giftCard": null
          },
          {
            "brand": "DARLINGHARBOUR",
            "url": "https://www.darlingharbour.com/whats-on/archive/events/beat-breakdown",
            "source": "Source: darlingharbour.com (https://www.darlingharbour.com/whats-on/archive/events/beat-breakdown)",
            "title": "Beat Breakdown - Battle it out at Sydney&#39;s 1v1 Street Dance Showdown in Darling Harbour | Darling Harbour",
            "headline": "Beat Breakdown",
            "type": "PRIZE",
            "heroCount": null,
            "totalWinners": null,
            "cadence": "weekly",
            "prizeItems": [
              "data",
              "car",
              "plan"
            ],
            "prizeValueHint": null,
            "confidence": 0.6,
            "viaRedemption": false,
            "giftCard": null
          },
          {
            "brand": "TRANSPORT",
            "url": "https://www.transport.nsw.gov.au/industry/cities-and-active-transport/cities-revitalisation-and-place/festival-of-place/creative-3",
            "source": "Source: transport.nsw.gov.au (https://www.transport.nsw.gov.au/industry/cities-and-active-transport/cities-revitalisation-and-place/festival-of-place/creative-3)",
            "title": "Public Space Ideas Competition | Transport for NSW",
            "headline": "The Ideas Competition aimed to shape a new conversation about public space in Sydney and was delivered in partnership with the Committee for Sydney.",
            "type": "PRIZE",
            "heroCount": null,
            "totalWinners": null,
            "cadence": null,
            "prizeItems": [
              "car",
              "data",
              "tv",
              "trip",
              "plan"
            ],
            "prizeValueHint": null,
            "confidence": 0.6,
            "viaRedemption": false,
            "giftCard": null
          },
          {
            "brand": "NUTELLA",
            "url": "https://www.nutella.com/au/en/xp/nutella-x-kinder-biscuits/faq/",
            "source": "Source: nutella.com (https://www.nutella.com/au/en/xp/nutella-x-kinder-biscuits/faq/)",
            "title": "Nutella x Kinder Biscuits promotion",
            "headline": "Frequently Asked Questions",
            "type": "PRIZE",
            "heroCount": null,
            "totalWinners": null,
            "cadence": "instant",
            "prizeItems": [
              "data",
              "gift card",
              "car"
            ],
            "prizeValueHint": "$100",
            "confidence": 0.6,
            "viaRedemption": false,
            "giftCard": null
          },
          {
            "brand": "KINDER",
            "url": "https://www.kinder.com/au/en/xp/kinderbuenosoundbreaks/term-conditions",
            "source": "Source: kinder.com (https://www.kinder.com/au/en/xp/kinderbuenosoundbreaks/term-conditions)",
            "title": "T&amp;C | Kinder Bueno Sound Breaks",
            "headline": "All provisional winners are subject to verification. Upon verification, winners will be sent their prize. Total prize pool. The total prize pool is AU$43,022.",
            "type": "PRIZE",
            "heroCount": 1,
            "totalWinners": null,
            "cadence": "daily",
            "prizeItems": [
              "data",
              "car",
              "holiday",
              "cash",
              "plan"
            ],
            "prizeValueHint": "$439",
            "confidence": 0.6,
            "viaRedemption": false,
            "giftCard": null
          },
          {
            "brand": "NUTELLA",
            "url": "https://www.nutella.com/au/en/xp/nutella-x-kinder-biscuits/winners/",
            "source": "Source: nutella.com (https://www.nutella.com/au/en/xp/nutella-x-kinder-biscuits/winners/)",
            "title": "Winners - Nutella",
            "headline": "Winners",
            "type": "PRIZE",
            "heroCount": null,
            "totalWinners": null,
            "cadence": null,
            "prizeItems": [
              "data",
              "gift card",
              "car"
            ],
            "prizeValueHint": "$10,000",
            "confidence": 0.6,
            "viaRedemption": false,
            "giftCard": null
          },
          {
            "brand": "KINDER",
            "url": "https://www.kinder.com/au/en/kinder-natoons-consumer-promotion-faq",
            "source": "Source: kinder.com (https://www.kinder.com/au/en/kinder-natoons-consumer-promotion-faq)",
            "title": "Kinder Natoons Consumer Promotion FAQ - Kinder Australia and New Zealand",
            "headline": "Kinder Natoons Consumer Promotion FAQ",
            "type": "PRIZE",
            "heroCount": null,
            "totalWinners": null,
            "cadence": "daily",
            "prizeItems": [
              "car",
              "data",
              "tv"
            ],
            "prizeValueHint": null,
            "confidence": 0.6,
            "viaRedemption": false,
            "giftCard": null
          },
          {
            "brand": "TCGPROMO",
            "url": "https://tcgpromo.com.au/au/en/xp/win/terms-lavazza/",
            "source": "Source: tcgpromo.com.au (https://tcgpromo.com.au/au/en/xp/win/terms-lavazza/)",
            "title": "Terms-Lavazza | Nutella¬†DeLonghi Promotion",
            "headline": "All draws will take place at 3:30pm AEST/AEDT (5:30pm NZDT) at Handling Matters Pty Ltd, Unit 40, 1-5 Thew Parade, Cromer NSW 2099 on the dates specified in the ...",
            "type": "PRIZE",
            "heroCount": 250,
            "totalWinners": null,
            "cadence": null,
            "prizeItems": [
              "data",
              "car",
              "gift card",
              "cash",
              "plan"
            ],
            "prizeValueHint": "$15",
            "confidence": 0.6,
            "viaRedemption": false,
            "giftCard": null
          },
          {
            "brand": "Woolworths",
            "url": "https://www.lottos.com.au/competitions/viewthreadlite.php?tid=672336",
            "source": "Source: lottos.com.au (https://www.lottos.com.au/competitions/viewthreadlite.php?tid=672336)",
            "title": "Verifying...",
            "headline": "The winner of the Major Prize Draw will win one (1) $10,000 EFTPOS Gift Card. Total prize pool. The total prize pool is AU$50,000. How many ...",
            "type": "PRIZE",
            "heroCount": null,
            "totalWinners": null,
            "cadence": null,
            "prizeItems": [
              "data"
            ],
            "prizeValueHint": null,
            "confidence": 0.6,
            "viaRedemption": false,
            "giftCard": null
          },
          {
            "brand": "KINDER",
            "url": "https://www.kinder.com/au/en/win",
            "source": "Source: kinder.com (https://www.kinder.com/au/en/win)",
            "title": "Win - Kinder Australia and New Zealand",
            "headline": "Enter for a chance to win 1 of 1500 Natoons Adventure Boards.",
            "type": "PRIZE",
            "heroCount": 150,
            "totalWinners": null,
            "cadence": null,
            "prizeItems": [
              "data",
              "car"
            ],
            "prizeValueHint": null,
            "confidence": 0.6,
            "viaRedemption": false,
            "giftCard": null
          },
          {
            "brand": "AP-SOUTHEAST-2",
            "url": "https://ap-southeast-2.graphassets.com/AY4aDPEmTRrKdZ4jgHiscz/cmbr6yjzfyqw6072vyro8jeep",
            "source": "Source: ap-southeast-2.graphassets.com (https://ap-southeast-2.graphassets.com/AY4aDPEmTRrKdZ4jgHiscz/cmbr6yjzfyqw6072vyro8jeep)",
            "title": "PR240643 - Conversion - Nutella and Kinder Biscuits Promotion",
            "headline": "Entries open at 12:00am AEST on 16/07/25 and close at 11:59pm AEST on 26/08/25. (‚ÄúCompetition Period‚Äù). Who can enter?",
            "type": "PRIZE",
            "heroCount": null,
            "totalWinners": null,
            "cadence": null,
            "prizeItems": [
              "tv",
              "giftcard",
              "car"
            ],
            "prizeValueHint": "$79",
            "confidence": 0.6,
            "viaRedemption": false,
            "giftCard": null
          },
          {
            "brand": "FERRERO",
            "url": "https://www.ferrero.com/int/en/news-stories/news/tic-tac-launches-new-choose-your-match-campaign",
            "source": "Source: ferrero.com (https://www.ferrero.com/int/en/news-stories/news/tic-tac-launches-new-choose-your-match-campaign)",
            "title": "Tic Tac Launches &#039;Choose Your Match&#039; Campaign - Vote for the Next Limited-Edition Flavor | Ferrero",
            "headline": "Join Tic Tac's 'Choose Your Match' campaign and help decide the next limited-edition flavor! Explore new refreshing Tic Tac flavors, ...",
            "type": "PRIZE",
            "heroCount": null,
            "totalWinners": null,
            "cadence": null,
            "prizeItems": [
              "car",
              "plan",
              "data",
              "trip",
              "tv"
            ],
            "prizeValueHint": null,
            "confidence": 0.6,
            "viaRedemption": false,
            "giftCard": null
          },
          {
            "brand": "EMPORIUMSHOWBAGS",
            "url": "https://emporiumshowbags.com.au/terms-and-conditions/",
            "source": "Source: emporiumshowbags.com.au (https://emporiumshowbags.com.au/terms-and-conditions/)",
            "title": "Terms and Conditions | Emporium Showbags",
            "headline": "Winners will be posted on @‚Äåemporiumshowbags Instagram stories at 7pm Wednesday 24th September 2025 AEDT. Winner will be contacted through our official ...",
            "type": "PRIZE",
            "heroCount": null,
            "totalWinners": null,
            "cadence": null,
            "prizeItems": [
              "data",
              "car",
              "cash",
              "gift card",
              "voucher",
              "tv"
            ],
            "prizeValueHint": "$500",
            "confidence": 0.6,
            "viaRedemption": false,
            "giftCard": null
          },
          {
            "brand": "Gelatissimo",
            "url": "https://gelatissimo.com.au/gelatissimo-marion-birthday-giveaway-tcs/",
            "source": "Source: gelatissimo.com.au (https://gelatissimo.com.au/gelatissimo-marion-birthday-giveaway-tcs/)",
            "title": "Gelatissimo Marion Birthday Giveaway T&amp;Cs - Gelatissimo",
            "headline": "Gelatissimo Marion Birthday Giveaway T&#038;Cs",
            "type": "PRIZE",
            "heroCount": null,
            "totalWinners": null,
            "cadence": "daily",
            "prizeItems": [
              "data",
              "car",
              "gift card",
              "cash",
              "tv"
            ],
            "prizeValueHint": "$500",
            "confidence": 0.6,
            "viaRedemption": false,
            "giftCard": null
          },
          {
            "brand": "GELATISSIMO",
            "url": "https://gelatissimo.com.au/social-competition-terms-conditions/",
            "source": "Source: gelatissimo.com.au (https://gelatissimo.com.au/social-competition-terms-conditions/)",
            "title": "Social Competitions - Terms &amp; Conditions - Gelatissimo",
            "headline": "Social Competitions &#8211; Terms &#038; Conditions",
            "type": "PRIZE",
            "heroCount": null,
            "totalWinners": null,
            "cadence": "daily",
            "prizeItems": [
              "data",
              "car",
              "gift card",
              "cash",
              "tv"
            ],
            "prizeValueHint": "$20",
            "confidence": 0.6,
            "viaRedemption": false,
            "giftCard": null
          },
          {
            "brand": "GELATISSIMO",
            "url": "https://gelatissimo.com.au/turtally-awesome-colouring-in-competition/",
            "source": "Source: gelatissimo.com.au (https://gelatissimo.com.au/turtally-awesome-colouring-in-competition/)",
            "title": "Turtally Awesome Colouring In Competition - Gelatissimo",
            "headline": "Turtally Awesome Colouring In Competition",
            "type": "PRIZE",
            "heroCount": 46,
            "totalWinners": null,
            "cadence": "daily",
            "prizeItems": [
              "data",
              "car",
              "cash",
              "plan",
              "gift card",
              "tv"
            ],
            "prizeValueHint": "$49",
            "confidence": 0.6,
            "viaRedemption": false,
            "giftCard": null
          },
          {
            "brand": "GELATISSIMO",
            "url": "https://gelatissimo.com.au/celebrate-mont-blanc-moccamaster-giveaway-tcs/",
            "source": "Source: gelatissimo.com.au (https://gelatissimo.com.au/celebrate-mont-blanc-moccamaster-giveaway-tcs/)",
            "title": "Celebrate Mont Blanc - Moccamaster Giveaway T&amp;Cs - Gelatissimo",
            "headline": "Celebrate Mont Blanc &#8211; Moccamaster Giveaway T&#038;Cs",
            "type": "PRIZE",
            "heroCount": null,
            "totalWinners": null,
            "cadence": "daily",
            "prizeItems": [
              "data",
              "car",
              "cash",
              "gift card",
              "tv"
            ],
            "prizeValueHint": "$600",
            "confidence": 0.6,
            "viaRedemption": false,
            "giftCard": null
          },
          {
            "brand": "Gelatissimo",
            "url": "https://gelatissimo.com.au/gelatissimo-x-transformers-one-merchandise-competition-terms-conditions/",
            "source": "Source: gelatissimo.com.au (https://gelatissimo.com.au/gelatissimo-x-transformers-one-merchandise-competition-terms-conditions/)",
            "title": "Gelatissimo x TRANSFORMERS ONE Merchandise Competition Terms &amp; Conditions - Gelatissimo",
            "headline": "Gelatissimo x TRANSFORMERS ONE Merchandise Competition Terms &#038; Conditions",
            "type": "PRIZE",
            "heroCount": 15,
            "totalWinners": null,
            "cadence": "daily",
            "prizeItems": [
              "data",
              "car",
              "cash",
              "plan",
              "gift card",
              "tv"
            ],
            "prizeValueHint": "$500",
            "confidence": 0.6,
            "viaRedemption": false,
            "giftCard": null
          }
        ]
      },
      "retailers": {
        "names": [
          "Coles",
          "Woolworths",
          "ALDI",
          "IGA",
          "7-Eleven",
          "IGA / Metcash",
          "Convenience chains (7-Eleven, NightOwl)"
        ],
        "facts": [
          {
            "claim": "Shop Wicked Sister Products Online ‚Äî Spend $20 in one transaction, scan your Flybuys and receive one bonus ... Coles Online - Hawthorn East, Victoria Australia 3123 ¬© Copyright Coles 2025 ...",
            "source": "Source: coles.com.au (https://www.coles.com.au/brands/wicked-sister-2243304464?srsltid=AfmBOorYQ8EpCARESOfggSYw6a0kH6Cd3I8WTHdJ2uPnxIgPwdEmQSyX)"
          },
          {
            "claim": "Shop Wicked Products Online ‚Äî Wicked Sister High Protein Chocolate Pudding | 170g. Wicked Sister High Protein Chocolate Pudding | 170g. $3.30. $1.94 per 100g.",
            "source": "Source: coles.com.au (https://www.coles.com.au/brands/wicked-209964905?srsltid=AfmBOortoQhVbLxDlHASP978vo60t2xIrbty54sQNgLP1XZNkHeuMoVj)"
          },
          {
            "claim": "Shop Wicked Sister Products Online ‚Äî Shop your way at Coles. Our range of Wicked Sister products at everyday low prices you know and trust. Shop online and get home delivery or click and ...",
            "source": "Source: coles.com.au (https://www.coles.com.au/brands/wicked-sister-2243304464?srsltid=AfmBOophw4pZ-ovAdz4Yo1Wu-oOmT-q36A_DguVvm1KJ1Y5teT7wiTKK)"
          },
          {
            "claim": "Browse Frozen Desserts ‚Äî Frozen Desserts ; Sara Lee Lemon Cheesecake | 410g ¬∑ $2.20 per 100g ; Sara Lee Frozen Chocolate Buttercake | 350g ¬∑ $2.57 per 100g ; Sara Lee ...",
            "source": "Source: coles.com.au (https://www.coles.com.au/browse/frozen/frozen-desserts?srsltid=AfmBOoqADk4B-Ru-b16VsUXkYkjrkoV-PHhDU49mf67OBdGP2in7EG7t)"
          },
          {
            "claim": "Browse Assorted Desserts ‚Äî Assorted Desserts ; Sara Lee Frozen Chocolate Buttercake | 350g ¬∑ $9.00. $2.57 per 100g ; Coles Finest Triple Chocolate Buche | 470g ¬∑ $18.00.",
            "source": "Source: coles.com.au (https://www.coles.com.au/browse/frozen/frozen-desserts/assorted-desserts?srsltid=AfmBOoqLhpCXuJ8382fayyc4PQ8RPG3OAm3owlAHdkMPjR1g9IWQL5_N)"
          },
          {
            "claim": "Browse Frozen ‚Äî Binggrae Samanco Dessert Sandwich 4 Pack. Frozen dessert with strawberry or red bean flavours. Shop Now.",
            "source": "Source: coles.com.au (https://www.coles.com.au/browse/frozen?srsltid=AfmBOooaZxqdFdACnLS3yFGQgsu_guylkITN7tX67HTQrC-MnBEEpot1)"
          },
          {
            "claim": "Browse Ice Cream ‚Äî Proud & Punch Coconuts For Mango Frozen Dessert 6 Pack | 450mL. Proud & Punch Coconuts For Mango Frozen Dessert 6 Pack | 450mL. $4.25.",
            "source": "Source: coles.com.au (https://www.coles.com.au/browse/frozen/ice-cream?srsltid=AfmBOopKVUD0tKALr3q2cigrPI24lPrC5JUNTGfeZWP0tHdIiJ964h_W)"
          },
          {
            "claim": "Browse Cakes & Cheesecakes ‚Äî Sara Lee Lemon Cheesecake | 410g ¬∑ $2.20 per 100g ; Sara Lee Frozen Chocolate Buttercake | 350g ¬∑ $2.57 per 100g ; Sara Lee Frozen Chocolate ...",
            "source": "Source: coles.com.au (https://www.coles.com.au/browse/frozen/frozen-desserts/cakes-cheesecakes?srsltid=AfmBOoqRuWbhAPkO3Sbtpqm1KvK3E9gS8F9j4TO18tYXyN36IOJMwGxq)"
          }
        ]
      },
      "season": {
        "label": "Spring in Australia",
        "facts": []
      },
      "market": {
        "facts": [
          {
            "claim": "Bridging the gap: Trends and challenges in grocery and retail ‚Äî With consumers increasingly seeking convenience, food-to-go and meal solutions are becoming increasingly popular. While many grocery retailers ...",
            "source": "Source: retail.org.au (https://www.retail.org.au/news-and-insights/bridging-the-gap-trends-and-challenges-in-grocery-and-retail)"
          },
          {
            "claim": "Supermarkets and Grocery Stores in Australia ‚Äî Trends and Insights ¬∑ ACCC's supermarket inquiry has highlighted key industry dynamics. ¬∑ Changing consumer trends are causing a shift in store product mixes.",
            "source": "Source: ibisworld.com (https://www.ibisworld.com/australia/industry/supermarkets-and-grocery-stores/1834/)"
          },
          {
            "claim": "Australian Retail Outlook 2025 ‚Äî Retail sector trends and insights for 2025, including digital evolution, customer experience, sustainability and supply chain optimisation.",
            "source": "Source: kpmg.com (https://kpmg.com/au/en/insights/industry/australian-retail-outlook.html)"
          },
          {
            "claim": "People infer better odds when many winners are visible; cadence visibility (e.g., daily awards) increases perceived fairness.",
            "source": "Source: indicative (behavioural marketing literature)"
          }
        ]
      },
      "signals": {
        "facts": [
          {
            "claim": "Client: Wicked Sister",
            "source": "Source: brief"
          },
          {
            "claim": "Brand: Wicked Sister",
            "source": "Source: brief"
          },
          {
            "claim": "Campaign objective: Drive two-pack purchases and capture opted-in dessert fans before the Wicked film release.",
            "source": "Source: brief"
          },
          {
            "claim": "Promotion type: INSTANT_WIN",
            "source": "Source: brief"
          },
          {
            "claim": "Mechanic: Buy 2 products, upload receipts and discover instantly if you‚Äôve scored a movie ticket.",
            "source": "Source: brief"
          },
          {
            "claim": "Hook: Win a Movie Ticket Instantly",
            "source": "Source: brief"
          },
          {
            "claim": "Channels: In-store",
            "source": "Source: brief"
          },
          {
            "claim": "Channels: Social",
            "source": "Source: brief"
          },
          {
            "claim": "Channels: Digital",
            "source": "Source: brief"
          },
          {
            "claim": "Channels: Influencer",
            "source": "Source: brief"
          },
          {
            "claim": "Channels: Retail Media",
            "source": "Source: brief"
          },
          {
            "claim": "Channels: GROCERY",
            "source": "Source: brief"
          },
          {
            "claim": "Channels: CONVENIENCE",
            "source": "Source: brief"
          },
          {
            "claim": "Season/theme: Spring",
            "source": "Source: brief"
          },
          {
            "claim": "Staff burden: ZERO",
            "source": "Source: brief"
          },
          {
            "claim": "Proof requirement: FULL_RECEIPT",
            "source": "Source: brief"
          },
          {
            "claim": "Entry mechanic cues: Win a Movie Ticket Instantly",
            "source": "Source: brief"
          },
          {
            "claim": "Entry mechanic cues: Buy 2 products, upload receipts and discover instantly if you‚Äôve scored a movie ticket.",
            "source": "Source: brief"
          },
          {
            "claim": "Campaign title: Spring Movie Launch",
            "source": "Source: brief"
          },
          {
            "claim": "IP tie-in briefed (licensed): Wicked ‚Äî For Good | type: FILM | window: November 2025.",
            "source": "Source: brief"
          },
          {
            "claim": "Recent promos show hero prize counts clustering around ~35.5 (mode ‚âà 1).",
            "source": "Source: indicative (live promo scan)"
          },
          {
            "claim": "Cadence cues common in-market: instant & weekly & daily.",
            "source": "Source: indicative (live promo scan)"
          }
        ]
      },
      "benchmarks": {
        "heroPrize": {
          "median": 35.5,
          "mode": 1
        },
        "cadenceShare": {
          "instant": 0.3529411764705883,
          "weekly": 0.2352941176470588,
          "daily": 0.4117647058823529
        },
        "manyWinnersShare": 0,
        "prizeCountsObserved": {
          "total": 10,
          "common": [
            {
              "count": 1,
              "share": 0.2
            },
            {
              "count": 150,
              "share": 0.2
            },
            {
              "count": 3,
              "share": 0.1
            }
          ]
        },
        "recommendedHeroCount": 3,
        "positionVsMarket": "UNKNOWN"
      },
      "meta": {
        "level": "MAX",
        "warnings": [],
        "usedFallbacks": [],
        "searchProvider": "serper",
        "logs": [
          "search:serper:The Wicked Sisters shopper promotion AU -> 6",
          "search:serper:The Wicked Sisters Coles promotion AU -> 6",
          "search:serper:Frozen dessert Australia market trend -> 6",
          "search:serper:Australia grocery & convenience retail trends -> 6",
          "search:serper:The Wicked Sisters shopper insights AU -> 6",
          "search:serper:Frozen dessert promotion Australia -> 6",
          "search:serper:The Wicked Sisters consumer insights AU -> 6",
          "search:serper:The Wicked Sisters consumer research AU -> 6",
          "search:serper:The Wicked Sisters Coles activation Australia -> 6",
          "search:serper:Frozen dessert category growth Australia -> 6",
          "search:serper:The Wicked Sisters brand campaign AU -> 6",
          "search:serper:The Wicked Sisters buyer insight AU -> 6",
          "search:serper:The Wicked Sisters Coles buyer pitch -> 6",
          "search:serper:The Wicked Sisters market share AU -> 6",
          "search:serper:The Wicked Sisters audience profile Australia -> 6",
          "search:serper:The Wicked Sisters Drive two-pack purchases and capture opted-in dessert fans before the Wicked film release. promotion AU -> 6",
          "search:serper:The Wicked Sisters Coles range review -> 6",
          "search:serper:The Wicked Sisters category performance AU -> 6",
          "search:serper:Primary grocery buyers shopper insights AU -> 6",
          "search:serper:The Wicked Sisters Coles case study -> 6",
          "search:serper:The Wicked Sisters Win a Movie Ticket Instantly promotion AU -> 6",
          "search:serper:The Wicked Sisters sales growth AU -> 6",
          "search:serper:Primary grocery buyers promotion response AU -> 6",
          "search:serper:The Wicked Sisters Woolworths promotion AU -> 6",
          "search:serper:The Wicked Sisters Buy 2 products, upload receipts and discover instantly if you‚Äôve scored a movie ticket. promotion AU -> 6",
          "search:serper:The Wicked Sisters Woolworths activation Australia -> 6",
          "search:serper:The Wicked Sisters Australia -> 6",
          "search:serper:They reward the family with purposeful treats that feel magical but still practical. shopper insights AU -> 6",
          "search:serper:The Wicked Sisters prize draw Australia -> 6",
          "search:serper:The Wicked Sisters Woolworths buyer pitch -> 6",
          "search:serper:They reward the family with purposeful treats that feel magical but still practical. promotion response AU -> 6",
          "search:serper:Plans movie nights, shares dessert finds on social, responds to retailer app notifications. shopper insights AU -> 6",
          "search:serper:The Wicked Sisters Woolworths range review -> 6",
          "search:serper:The Wicked Sisters Woolworths case study -> 6",
          "search:serper:Plans movie nights, shares dessert finds on social, responds to retailer app notifications. promotion response AU -> 6",
          "search:serper:In-store shopper behaviour AU -> 6",
          "search:serper:The Wicked Sisters ALDI promotion AU -> 6",
          "search:serper:The Wicked Sisters ALDI activation Australia -> 6",
          "search:serper:Social shopper behaviour AU -> 6",
          "search:serper:The Wicked Sisters ALDI buyer pitch -> 6",
          "search:serper:Digital shopper behaviour AU -> 6",
          "search:serper:Influencer shopper behaviour AU -> 6",
          "search:serper:The Wicked Sisters ALDI range review -> 6",
          "search:serper:The Wicked Sisters ALDI case study -> 6",
          "search:serper:Australia grocery shopper promotion trends -> 6",
          "search:serper:The Wicked Sisters IGA promotion AU -> 6",
          "search:serper:front-of-store impulse purchase research Australia -> 6",
          "search:serper:The Wicked Sisters IGA activation Australia -> 6",
          "search:serper:AU retail promotional response study -> 6",
          "search:serper:The Wicked Sisters IGA buyer pitch -> 6",
          "search:serper:The Wicked Sisters IGA range review -> 6",
          "search:serper:The Wicked Sisters IGA case study -> 6",
          "search:serper:The Wicked Sisters 7-Eleven promotion AU -> 6",
          "search:serper:The Wicked Sisters 7-Eleven activation Australia -> 6",
          "search:serper:The Wicked Sisters 7-Eleven buyer pitch -> 6",
          "search:serper:The Wicked Sisters 7-Eleven range review -> 6",
          "search:serper:The Wicked Sisters 7-Eleven case study -> 6",
          "search:serper:The Wicked Sisters IGA / Metcash promotion AU -> 6",
          "search:serper:The Wicked Sisters IGA / Metcash activation Australia -> 6",
          "search:serper:The Wicked Sisters IGA / Metcash buyer pitch -> 2",
          "search:serper:The Wicked Sisters IGA / Metcash range review -> 6",
          "search:serper:The Wicked Sisters IGA / Metcash case study -> 6",
          "search:serper:The Wicked Sisters Convenience chains (7-Eleven, NightOwl) promotion AU -> 6",
          "search:serper:The Wicked Sisters Convenience chains (7-Eleven, NightOwl) activation Australia -> 6",
          "search:serper:The Wicked Sisters Convenience chains (7-Eleven, NightOwl) buyer pitch -> 6",
          "search:serper:The Wicked Sisters Convenience chains (7-Eleven, NightOwl) range review -> 6",
          "search:serper:The Wicked Sisters Convenience chains (7-Eleven, NightOwl) case study -> 6",
          "search:serper:The Wicked Sisters ranging Australia -> 6",
          "search:serper:The Wicked Sisters retail buyer feedback -> 6",
          "search:serper:The Wicked Sisters supermarket partnership Australia -> 6",
          "search:serper:Coles freezer space Frozen dessert AU -> 5",
          "search:serper:Frozen dessert treat cost of living AU -> 5",
          "search:serper:Coles range review Frozen dessert AU -> 5",
          "search:serper:Frozen dessert grocery budget indulgence AU -> 5",
          "search:serper:Coles shelf space competition Frozen dessert -> 5",
          "search:serper:Frozen dessert family dessert sharing insight -> 5",
          "search:serper:Woolworths freezer space Frozen dessert AU -> 5",
          "search:serper:Frozen dessert shopper mum buying for family -> 5",
          "search:serper:Woolworths range review Frozen dessert AU -> 5",
          "search:serper:Woolworths shelf space competition Frozen dessert -> 5",
          "search:serper:Frozen dessert affordable luxury Australia -> 5",
          "search:serper:ALDI freezer space Frozen dessert AU -> 5",
          "search:serper:cost of living grocery treat australia -> 5",
          "search:serper:ALDI range review Frozen dessert AU -> 5",
          "search:serper:grocery buyer vs eater insight australia -> 5",
          "search:serper:The Wicked Sisters shopper insight australia -> 5",
          "search:serper:ALDI shelf space competition Frozen dessert -> 5",
          "search:serper:The Wicked Sisters cost of living -> 5",
          "search:serper:IGA freezer space Frozen dessert AU -> 5",
          "search:serper:The Wicked Sisters treat mom insight -> 5",
          "search:serper:IGA range review Frozen dessert AU -> 5",
          "search:serper:IGA shelf space competition Frozen dessert -> 5",
          "search:serper:7-Eleven freezer space Frozen dessert AU -> 5",
          "search:serper:7-Eleven range review Frozen dessert AU -> 5",
          "search:serper:7-Eleven shelf space competition Frozen dessert -> 5",
          "search:serper:IGA / Metcash freezer space Frozen dessert AU -> 5",
          "search:serper:IGA / Metcash range review Frozen dessert AU -> 5",
          "search:serper:IGA / Metcash shelf space competition Frozen dessert -> 5",
          "search:serper:The Wicked Sisters Coles ranging -> 5",
          "search:serper:The Wicked Sisters Woolworths range -> 5",
          "search:serper:The Wicked Sisters freezer facings Australia -> 5",
          "search:serper:Frozen dessert freezer space Australia -> 5",
          "search:serper:Frozen dessert shelf share supermarket -> 5",
          "search:serper:Frozen dessert private label competition Australia -> 5",
          "search:serper:Frozen dessert range review Coles -> 5",
          "search:serper:Frozen dessert range review Woolworths -> 5",
          "search:serper:Frozen dessert independent grocer freezer -> 5",
          "search:serper:Rokeby Farms freezer space Coles -> 5",
          "search:serper:Rokeby Farms Woolworths freezer -> 5",
          "search:serper:Priestley‚Äôs Gourmet Delights freezer space Coles -> 5",
          "search:serper:Priestley‚Äôs Gourmet Delights Woolworths freezer -> 5",
          "search:serper:Jillian's Cakery freezer space Coles -> 5",
          "search:serper:Rokeby Farms promotion AU -> 6",
          "search:serper:Rokeby Farms competition AU -> 6",
          "search:serper:Priestley‚Äôs Gourmet Delights promotion AU -> 6",
          "search:serper:Priestley‚Äôs Gourmet Delights competition AU -> 6",
          "search:serper:Jillian's Cakery promotion AU -> 6",
          "search:serper:Jillian's Cakery competition AU -> 6",
          "search:serper:Belle Fleur promotion AU -> 6",
          "search:serper:Belle Fleur competition AU -> 6",
          "search:serper:Beak & Johnston promotion AU -> 6",
          "search:serper:Beak & Johnston competition AU -> 6",
          "search:serper:Carman's promotion AU -> 6",
          "search:serper:Carman's competition AU -> 6",
          "search:serper:Pauls PLUS+ promotion AU -> 6",
          "search:serper:Pauls PLUS+ competition AU -> 6",
          "search:serper:Chobani promotion AU -> 6",
          "search:serper:Chobani competition AU -> 6",
          "search:serper:Rokeby Farms brand overview AU -> 6",
          "search:serper:Rokeby Farms chilled dessert brand Australia -> 6",
          "search:serper:Rokeby Farms shopper insight AU -> 6",
          "search:serper:Rokeby Farms retail distribution Australia -> 6",
          "search:serper:The Wicked Sisters vs Rokeby Farms -> 6",
          "search:serper:The Wicked Sisters and Rokeby Farms market share -> 6",
          "search:serper:The Wicked Sisters Rokeby Farms comparison Australia -> 6",
          "search:serper:Priestley‚Äôs Gourmet Delights brand overview AU -> 6",
          "search:serper:Priestley‚Äôs Gourmet Delights chilled dessert brand Australia -> 6",
          "search:serper:Priestley‚Äôs Gourmet Delights shopper insight AU -> 6",
          "search:serper:Priestley‚Äôs Gourmet Delights retail distribution Australia -> 6",
          "search:serper:The Wicked Sisters vs Priestley‚Äôs Gourmet Delights -> 6",
          "search:serper:The Wicked Sisters and Priestley‚Äôs Gourmet Delights market share -> 6",
          "search:serper:The Wicked Sisters Priestley‚Äôs Gourmet Delights comparison Australia -> 6",
          "search:serper:Jillian's Cakery brand overview AU -> 6",
          "search:serper:Jillian's Cakery chilled dessert brand Australia -> 6",
          "search:serper:Jillian's Cakery shopper insight AU -> 6",
          "search:serper:Jillian's Cakery retail distribution Australia -> 6",
          "search:serper:The Wicked Sisters vs Jillian's Cakery -> 6",
          "search:serper:The Wicked Sisters and Jillian's Cakery market share -> 6",
          "search:serper:The Wicked Sisters Jillian's Cakery comparison Australia -> 6",
          "search:serper:Belle Fleur brand overview AU -> 6",
          "search:serper:Belle Fleur chilled dessert brand Australia -> 6",
          "search:serper:Belle Fleur shopper insight AU -> 6",
          "search:serper:Belle Fleur retail distribution Australia -> 6",
          "search:serper:The Wicked Sisters vs Belle Fleur -> 6",
          "search:serper:The Wicked Sisters and Belle Fleur market share -> 6",
          "search:serper:The Wicked Sisters Belle Fleur comparison Australia -> 6",
          "search:serper:Beak & Johnston brand overview AU -> 6",
          "search:serper:Beak & Johnston chilled dessert brand Australia -> 6",
          "search:serper:Beak & Johnston shopper insight AU -> 6",
          "search:serper:Beak & Johnston retail distribution Australia -> 6",
          "search:serper:The Wicked Sisters vs Beak & Johnston -> 6",
          "search:serper:The Wicked Sisters and Beak & Johnston market share -> 6",
          "search:serper:The Wicked Sisters Beak & Johnston comparison Australia -> 6",
          "search:serper:Carman's brand overview AU -> 6",
          "search:serper:Carman's chilled dessert brand Australia -> 6",
          "search:serper:Carman's shopper insight AU -> 6",
          "search:serper:Carman's retail distribution Australia -> 6",
          "search:serper:The Wicked Sisters vs Carman's -> 6",
          "search:serper:The Wicked Sisters and Carman's market share -> 6",
          "search:serper:The Wicked Sisters Carman's comparison Australia -> 6",
          "search:serper:Pauls PLUS+ brand overview AU -> 6",
          "search:serper:Pauls PLUS+ chilled dessert brand Australia -> 6",
          "search:serper:Pauls PLUS+ shopper insight AU -> 6",
          "search:serper:Pauls PLUS+ retail distribution Australia -> 6",
          "search:serper:The Wicked Sisters vs Pauls PLUS+ -> 6",
          "search:serper:The Wicked Sisters and Pauls PLUS+ market share -> 6",
          "editorial:success",
          "catType=GENERIC",
          "liquorSub=UNKNOWN",
          "assured=false",
          "promos_collected=83",
          "benchmarks={\"heroPrize\":{\"median\":35.5,\"mode\":1},\"cadenceShare\":{\"instant\":0.35294117647058826,\"weekly\":0.23529411764705882,\"daily\":0.4117647058823529},\"manyWinnersShare\":0,\"prizeCountsObserved\":{\"total\":10,\"common\":[{\"count\":1,\"share\":0.2},{\"count\":150,\"share\":0.2},{\"count\":3,\"share\":0.1}]},\"recommendedHeroCount\":3,\"positionVsMarket\":\"UNKNOWN\"}"
        ],
        "cachedAt": "2025-11-01T07:36:39.136Z"
      },
      "insights": {
        "brand": [
          {
            "text": "Wicked Sister x Wicked ‚Äî Purchase any two packs of Wicked Sister Products for your chance to instantly win a movie ticket!",
            "source": "wickedsisterwin.com.au"
          },
          {
            "text": "FAQs - Wicked Sister x Wicked ‚Äî Buy any 2 packs of Wicked Sister products in one transaction from a Woolworths store during the Woolworths Exclusive promotion period. Then go ...",
            "source": "wickedsisterwin.com.au"
          },
          {
            "text": "Wicked Sister: Home Page ‚Äî Enjoy wickedly delicious desserts designed for everyday indulgence by Wicked Sister. Explore our wicked range, try recipes and find stockists here.",
            "source": "wickedsister.com.au"
          }
        ],
        "audience": [
          {
            "text": "Wicked Sister goes 'For Good' with new Wicked-inspired ... ‚Äî Chilled dessert brand Wicked Sister has launched limited-edition dessert pots inspired by Wicked: For Good film set to premiere next month.",
            "source": "insidefmcg.com.au"
          },
          {
            "text": "Paul Polly from Wicked Sister | Determined to succeed ‚Äî This is the story of Paul Polly and Wicked Sister desserts. Learn how he went from one pot to a $12 million factory.",
            "source": "nab.com.au"
          },
          {
            "text": "Wicked Sister bulks up protein pudding pack size ‚Äî With 15 grams of protein per serving and available in chocolate, strawberry, banana, along with a new vanilla flavour, these join the wider 170 ...",
            "source": "foodanddrinkbusiness.com.au"
          }
        ],
        "retailers": [
          {
            "text": "Shop Wicked Sister Products Online ‚Äî Spend $20 in one transaction, scan your Flybuys and receive one bonus ... Coles Online - Hawthorn East, Victoria Australia 3123 ¬© Copyright Coles 2025 ...",
            "source": "coles.com.au"
          },
          {
            "text": "Shop Wicked Products Online ‚Äî Wicked Sister High Protein Chocolate Pudding | 170g. Wicked Sister High Protein Chocolate Pudding | 170g. $3.30. $1.94 per 100g.",
            "source": "coles.com.au"
          },
          {
            "text": "Shop Wicked Sister Products Online ‚Äî Shop your way at Coles. Our range of Wicked Sister products at everyday low prices you know and trust. Shop online and get home delivery or click and ...",
            "source": "coles.com.au"
          },
          {
            "text": "Browse Frozen Desserts ‚Äî Frozen Desserts ; Sara Lee Lemon Cheesecake | 410g ¬∑ $2.20 per 100g ; Sara Lee Frozen Chocolate Buttercake | 350g ¬∑ $2.57 per 100g ; Sara Lee ...",
            "source": "coles.com.au"
          }
        ],
        "market": [
          {
            "text": "Bridging the gap: Trends and challenges in grocery and retail ‚Äî With consumers increasingly seeking convenience, food-to-go and meal solutions are becoming increasingly popular. While many grocery retailers ...",
            "source": "retail.org.au"
          },
          {
            "text": "Supermarkets and Grocery Stores in Australia ‚Äî Trends and Insights ¬∑ ACCC's supermarket inquiry has highlighted key industry dynamics. ¬∑ Changing consumer trends are causing a shift in store product mixes.",
            "source": "ibisworld.com"
          },
          {
            "text": "Australian Retail Outlook 2025 ‚Äî Retail sector trends and insights for 2025, including digital evolution, customer experience, sustainability and supply chain optimisation.",
            "source": "kpmg.com"
          }
        ],
        "signals": [
          {
            "text": "Client: Wicked Sister",
            "source": "brief"
          },
          {
            "text": "Brand: Wicked Sister",
            "source": "brief"
          },
          {
            "text": "Campaign objective: Drive two-pack purchases and capture opted-in dessert fans before the Wicked film release.",
            "source": "brief"
          },
          {
            "text": "Promotion type: INSTANT_WIN",
            "source": "brief"
          }
        ],
        "competitors": [
          {
            "text": "Brief competitor: Streets",
            "source": "brief"
          },
          {
            "text": "Rokeby Farms Chocolate Protein Smoothie 6 x 425ml ‚Äî Rokeby Farms Chocolate Protein Smoothie 6 x 425ml is a protein drink providing all 9 essential amino acids while providing sustained energy and fullness.",
            "source": "costco.com.au"
          },
          {
            "text": "Rokeby Farms ‚Äî All Rokeby Farms products are now available with Subscribe & Save ¬∑ Enjoy 5% off on every recurring order!",
            "source": "bulkeatswarehouse.com.au"
          },
          {
            "text": "Rokeby Nutrition ‚Äî Rokeby is a nutrition food company based in Melbourne. We make a range of award-winning dairy products to enjoy as part of a healthy lifestyle.",
            "source": "rokebynutrition.com"
          }
        ]
      },
      "dossier": {
        "brandTruths": [
          {
            "text": "Wicked Sister is leveraging the excitement of the upcoming 'Wicked: For Good' film by launching a limited-edition dessert pot range, aiming to drive consumer engagement through a movie-themed promotion.",
            "source": "insidefmcg.com.au"
          },
          {
            "text": "The brand's promotion offers an instant win mechanic, where purchasing two packs of Wicked Sister products gives consumers a chance to win movie tickets, effectively incentivizing multi-pack purchases.",
            "source": "wickedsisterwin.com.au"
          }
        ],
        "shopperTensions": [
          {
            "text": "Consumers are increasingly seeking convenience and indulgence, yet face cost-of-living pressures that may limit discretionary spending on premium desserts.",
            "source": "retail.org.au"
          },
          {
            "text": "While Wicked Sister positions itself as an everyday indulgence, the need to balance health-conscious choices with indulgence may create tension for health-aware consumers.",
            "source": "wickedsister.com.au"
          }
        ],
        "retailerReality": [
          {
            "text": "Coles and Woolworths dominate the retail landscape, with exclusive promotions like the Wicked Sister x Wicked campaign running through Woolworths, highlighting the retailer's clout in driving brand visibility.",
            "source": "coles.com.au"
          },
          {
            "text": "Freezer congestion in major supermarkets can limit shelf space for new product launches, making strategic partnerships with retailers crucial for visibility.",
            "source": "woolworths.com.au"
          }
        ],
        "competitorMoves": [
          {
            "text": "Rokeby Farms is expanding its product range with high-protein offerings, appealing to health-conscious consumers and potentially diverting attention from indulgent dessert options.",
            "source": "rokebynutrition.com"
          },
          {
            "text": "Competitors like Streets continue to maintain strong market presence, emphasizing the need for Wicked Sister to differentiate through unique promotions and partnerships.",
            "source": "brief"
          }
        ],
        "categorySignals": [
          {
            "text": "The frozen desserts market is projected to grow significantly, with a CAGR of approximately 5.4% from 2024 to 2034, indicating a robust opportunity for brands like Wicked Sister to capture market share.",
            "source": "globalinsightservices.com"
          },
          {
            "text": "The Australian ice cream market is expected to grow at a slower pace, with a 1.51% CAGR, suggesting that innovation and unique marketing strategies will be key to driving growth in the frozen dessert segment.",
            "source": "expertmarketresearch.com.au"
          }
        ],
        "benchmarks": []
      }
    },
    "benchmarks": {
      "cashback": {
        "sample": 0,
        "typicalAbs": null,
        "maxAbs": null,
        "typicalPct": null,
        "maxPct": null,
        "sources": []
      },
      "prizeCountsObserved": {
        "total": 0,
        "common": []
      },
      "recommendedHeroCount": 3,
      "cashbackIsCompetitive": "UNKNOWN"
    },
    "authoritative": {
      "assured_value": false,
      "has_major_prize": false,
      "prize_presence": "BREADTH_ONLY",
      "instant_win": true
    },
    "breadth_prize": {
      "count": 2010,
      "labelHint": "~17 winners a day"
    },
    "handoff": {
      "research_provided": true,
      "do_not_research": true,
      "prohibitions": []
    }
  },
  "judgeInputs": {
    "framing": "Where the Demand Is\n\nSpring in Australia is a time of renewal and fresh starts. Consumers are drawn to lighter, indulgent treats as the weather warms up. The frozen dessert market is expanding, with a projected growth rate of 5.4% from 2024 to 2034 (Source: globalinsightservices.com). This growth is driven by a desire for convenient yet premium dessert options. As grocery shopping trends shift towards convenience and indulgence, Wicked Sister is well-positioned to capture attention with its movie-themed promotion.\n\nWho It‚Äôs For & What Stops Them\n\nThe primary audience includes grocery buyers who enjoy treating their families to indulgent desserts. They plan movie nights and share their dessert finds on social media. However, cost-of-living pressures can limit their spending on premium items (Source: retail.org.au). Health-conscious consumers might also hesitate, balancing indulgence with health considerations. These buyers seek value and convenience, making instant win promotions appealing.\n\nCompetitor Map\n\nStreets and Sara Lee are key competitors in the frozen dessert category. Streets maintains a strong presence with classic offerings, while Sara Lee focuses on indulgent, ready-to-serve desserts. Rokeby Farms, with its high-protein products, appeals to health-conscious consumers, potentially diverting attention from more indulgent options (Source: rokebynutrition.com). Wicked Sister's unique movie tie-in and instant win mechanic differentiate it by offering an experiential reward.\n\nBrand Lens (truth, codes to lean/break)\n\nWicked Sister embodies everyday indulgence, aligning with family movie nights through its movie-themed promotions. The brand breaks away from complex entry mechanics and single mega-prizes, focusing instead on instant wins and family rewards. Wicked Sister‚Äôs playful and exciting tone of voice emphasizes the thrill of winning, while its distinctive assets include movie-themed packaging and indulgent dessert messaging.\n\nThe Idea As It Stands\n\nThe current promotion invites consumers to buy two packs of Wicked Sister products for a chance to instantly win a movie ticket. This mechanic encourages multi-pack purchases, driving sales and engagement ahead of the Wicked film release. The instant win format is straightforward, appealing to consumers seeking immediate gratification.\n\nProposition Candidates\n\n1. Indulge in a Wicked Treat\n2. Win Your Movie Night\n3. Instant Movie Magic\n\nHooks (2‚Äì6 words)\n\nWin a Movie Ticket Instantly  \nIndulge and Win  \nMovie Night Magic  \n\nWhat We‚Äôd Lean On\n\nThe instant win mechanic is the promotion's backbone, providing immediate excitement and gratification. The tie-in with the Wicked film adds a layer of thematic engagement, appealing to families planning movie nights. The broad distribution across major retailers like Coles and Woolworths ensures visibility and accessibility.\n\nHypotheses for Evaluation\n\n1. The instant win mechanic will drive higher purchase volume due to its immediate reward.\n2. The movie tie-in will enhance brand engagement, particularly among families planning movie nights.\n3. The promotion will increase brand visibility and shelf presence in major retailers.\n\nEntry/Redemption (from brief): Buy 2 qualifying products, upload receipt\n\nOFFER_IQ (authoritative): verdict=REVIEW; score=4.9; hard_flags=none.",
    "evaluation": "Verdict ‚Äî This promotion remains a NO-GO as it currently fails to bridge consumer cost sensitivity with perceived indulgence value, overshadowing the instant win excitement with inadequate prize breadth. Why it works ‚Äî Wicked Sister leverages the cultural moment of 'Wicked: For Good' to align with family movie nights, capturing the emotional high of communal experiences (Source: insidefmcg.com.au). This speaks to the consumer‚Äôs desire for convenient yet indulgent treats, tapping into the seasonal surge for lighter dessert options (Source: retail.org.au). Where it breaks ‚Äî The current mechanic struggles with the balance between indulgence and perceived health value, alienating health-aware consumers (Source: wickedsister.com.au). Additionally, the single ticket prize fails to deliver the high perceived value expected from a family-centric promotion. Fix it ‚Äî Transition to double passes, ensuring the perceived value aligns with shared family experiences; acknowledge the halving of winner count to approximately 1005 for clarity and transparency. Retailer reality ‚Äî The promotion dovetails with high-traffic retailers like Coles and Woolworths, maintaining brand visibility without burdening store teams, and leverages pre-existing promotional channels (Source: woolworths.com.au). Tighten ‚Äî Communicate the double pass upgrade across all consumer-facing channels, reinforcing the enhanced value. Stretch ‚Äî Integrate movie-themed digital engagement, like cinema trivia, to deepen the experiential hook without store-level strain. Hook upgrade ‚Äî ‚ÄúDouble the Movie Magic‚Äù fails to highlight the experiential richness of the prize; the angle should emphasize shared experiences and immediate delight. Hook shortlist ‚Äî - ‚ÄúTwo Desserts. Two Tickets.‚Äù - ‚ÄúMovie Night for Two.‚Äù - ‚ÄúCinema Nights, Doubled Delight.‚Äù - ‚ÄúShare the Movie Magic.‚Äù - ‚ÄúTwice the Fun, Double the Seats.‚Äù Measurement ‚Äî Track redemption rate of double passes against initial single ticket uptake. Pack line ‚Äî ‚ÄúDouble Your Movie Magic‚Äù Staff line ‚Äî ‚ÄúEnjoy two movie tickets with your desserts.‚Äù\n\nKey campaign-specific directives:\n‚Ä¢ shopper tension: Consumers are increasingly seeking convenience and indulgence, yet face cost-of-living pressures that may limit discretionary spending on premium desserts. (retail.org.au)\n‚Ä¢ shopper tension: While Wicked Sister positions itself as an everyday indulgence, the need to balance health-conscious choices with indulgence may create tension for health-aware consumers. (wickedsister.com.au)\n‚Ä¢ brand truth: Wicked Sister is leveraging the excitement of the upcoming 'Wicked: For Good' film by launching a limited-edition dessert pot range, aiming to drive consumer engagement through a movie-themed promotion. (insidefmcg.com.au)",
    "opinion": "Wicked Sister stands poised at the confluence of indulgence and experience, ready to ignite the market with its Spring Movie Launch. This moment matters because it aligns with the cultural moment of 'Wicked: For Good,' inviting families to indulge in shared cinematic adventures. As the frozen dessert market blossoms with a 5.4% growth rate, Wicked Sister‚Äôs promotion captures the moment of renewal and shared delight, offering a unique proposition that disrupts the everyday indulgence category. Today, the brand truth marries shopper tension and retailer reality with cultural timing. Consumers crave indulgence yet face cost-of-living strains; a double movie pass speaks to this tension, offering value that resonates with family-centric buyers. Retailers like Coles and Woolworths provide the perfect stage for this promotion, ensuring broad accessibility and visibility. The instant win mechanic dovetails with the seasonal demand for lighter, indulgent treats, making it an irresistible offer (Source: retail.org.au). Improving this plan involves transforming single movie tickets into double passes, ensuring perceived value meets family expectations. Strategist insights show that halving the winner count to 1005 enhances shared experiences, aligning with our KPI of driving two-pack purchases. A daily winner burst cadence will maintain engagement, creating urgency and excitement. The communication strategy will reinforce the upgrade, leveraging existing channels to ensure clarity and buzz (Source: insidefmcg.com.au). For retailers, the promotion fits seamlessly into existing frameworks, reqring no additional staff lift or in-store adjudication. Display asks remain minimal, relying on pre-packed POS materials that maintain brand visibility without encroaching on freezer space. This operational simplicity ensures that the campaign enhances foot traffic without added complexity (Source: woolworths.com.au). To tighten, we will communicate the double pass upgrade across all consumer touchpoints, enhancing perceived value and driving participation. This pragmatic tweak ensures clarity and alignment with family-centric expectations. To stretch, we will introduce movie-themed digital engagement, such as cinema trivia, adding depth to the experiential hook and enriching consumer interaction. This bolder extension keeps the in-store reality grounded while elevating the campaign‚Äôs appeal. ‚ÄúDouble Your Movie Magic‚Äù ‚ÄúEnjoy two movie tickets with your desserts.‚Äù\n\nTo improve it, publish the fact there are 2,010 winners so the breadth feels real. retune the hook to ‚ÄúDouble the Movie Magic‚Äù so it sounds like Wicked Sister, not a generic instant win.",
    "strategist": "Scenario ‚Äî Shareable reward ‚Äî Transitioning to double passes is a clear win. It doubles the perceived value and aligns with the family-centric theme of the promotion. The prize budget remains the same, but the winner count drops to 1005, ensuring each win feels more substantial. This shift keeps the spirit of the promotion intact, focusing on shared experiences without compromising fairness. Scenario ‚Äî Cadence burst ‚Äî Implementing a daily winner burst keeps the excitement alive and encourages repeat purchases. With 17.5 winners per day, the promotion maintains a steady drumbeat of engagement, making each day feel like a fresh opportunity. Operationally, this requires no additional resources, as the existing digital infrastructure handles the cadence. Monitoring daily entry spikes will guide adjustments to maintain consumer interest. Scenario ‚Äî Hero overlay ‚Äî Introduce a hero tier with a grand prize of a $10K home cinema makeover, funded by reallocating 5% of the existing prize budget. This prize amplifies the movie night experience, positioning Wicked Sister as a brand that elevates home entertainment. Retailers can weave this narrative into their digital channels, enhancing brand storytelling without adding in-store pressure. Fairness is preserved by maintaining transparency in prize distribution. Measurement ‚Äî Track the redemption rate of double passes against initial single ticket uptake. Summary - Transition to double passes to enhance shared experiences, reducing winners to 1005 without extra cost. - Implement a daily winner burst to sustain engagement, leveraging existing infrastructure. - Introduce a $10K home cinema makeover hero tier, reallocating 5% of the prize budget for enhanced storytelling."
  },
  "evaluationMeta": {
    "stance": "BOLD",
    "model": {
      "json": "gpt-4o",
      "prose": "gpt-4o"
    },
    "temp": {
      "json": 0.55,
      "prose": 0.95
    },
    "scoreboard": {
      "objectiveFit": {
        "status": "AMBER",
        "why": "Objective not crisply named or spread across too many aims.",
        "fix": "Change-from: diffuse aims. ‚Üí Change-to: one KPI (e.g., +8‚Äì12% ROS) and shape comms/value to it."
      },
      "hookStrength": {
        "status": "AMBER",
        "why": "Hook exists (‚ÄúWin a Movie Ticket Instantly‚Äù) but needs tightening and brand-locking; a sharper variant is proposed (‚ÄúDouble the Movie Magic‚Äù).",
        "fix": "Change-from: long/soft hook (‚ÄúWin a Movie Ticket Instantly‚Äù). ‚Üí Change-to: 2‚Äì6 words, brand-locked, used on pack and the first screen."
      },
      "mechanicFit": {
        "status": "GREEN",
        "why": "Mechanic defined: Buy 2 products, upload receipt, win instantly."
      },
      "frequencyPotential": {
        "status": "AMBER",
        "why": "Repeat rhythm not explicit for this format.",
        "fix": "Change-from: one-off entry. ‚Üí Change-to: light weekly moment + bonus entries at 2 and 4 units."
      },
      "friction": {
        "status": "RED",
        "why": "Entry is genuinely onerous (mail-in or multi-proof at first step). This will suppress trial.",
        "fix": "Remove mail-in / first-step proof / multi-upload. Make first touch minimal; shift verification post-entry."
      },
      "rewardShape": {
        "status": "AMBER",
        "why": "Expected buyers/entries not provided; adequacy judged via cadence and visibility. Requires: Provide expected buyers/entries (range).",
        "fix": "Publish ‚ÄúTotal winners‚Äù, clarify cadence, and provide expected buyers/entries for a firmer read."
      },
      "retailerReadiness": {
        "status": "AMBER",
        "why": "Retailers named (Coles, Woolworths, ALDI, IGA, 7-Eleven). Keep staff workload near zero.",
        "fix": "Change-from: loose POS (Coles, Woolworths, ALDI, IGA, 7-Eleven). ‚Üí Change-to: pre-packed POS kits; no staff adjudication; central processing."
      },
      "complianceRisk": {
        "status": "GREEN",
        "why": "Standard trade promo guardrails."
      },
      "fulfilment": {
        "status": "GREEN",
        "why": "Central fulfilment looks straightforward."
      },
      "kpiRealism": {
        "status": "AMBER",
        "why": "Entry band not named; prize/media not back-solved to that range.",
        "fix": "Change-from: no entry band. ‚Üí Change-to: set range, back-solve media and ops to it."
      },
      "decision": "NO-GO",
      "conditions": "Make breadth/cadence visible; consider pairing single-admit rewards; publish ‚ÄúTotal winners‚Äù; confirm POS. Provide: Provide expected buyers/entries (range).. Remove mail-in / first-step proof / multi-upload. Make first touch minimal; shift verification post-entry. Change-from: diffuse aims. ‚Üí Change-to: one KPI (e.g., +8‚Äì12% ROS) and shape comms/value to it. Change-from: long/soft hook (‚ÄúWin a Movie Ticket Instantly‚Äù). ‚Üí Change-to: 2‚Äì6 words, brand-locked, used on pack and the first screen. Change-from: one-off entry. ‚Üí Change-to: light weekly moment + bonus entries at 2 and 4 units. Change-from: loose POS (Coles, Woolworths, ALDI, IGA, 7-Eleven). ‚Üí Change-to: pre-packed POS kits; no staff adjudication; central processing. Change-from: no entry band. ‚Üí Change-to: set range, back-solve media and ops to it. Asks: Provide expected buyers/entries (range).."
    },
    "ruleFlex": "KEEP",
    "ui": {
      "hook": "Double the Movie Magic",
      "hookOptions": [
        "double the movie magic",
        "movie night for two ‚Äî 1,000 double passes.",
        "two desserts. two seats. every hour.",
        "dessert doubles your tickets.",
        "upload & share the cinema night."
      ],
      "mechanic": "Buy 2 products, upload receipt, win instantly",
      "verdict": "NO-GO",
      "atAGlance": [
        {
          "key": "objectiveFit",
          "label": "Objective fit",
          "status": "AMBER",
          "why": "Objective not crisply named or spread across too many aims.",
          "fix": "Change-from: diffuse aims. ‚Üí Change-to: one KPI (e.g., +8‚Äì12% ROS) and shape comms/value to it."
        },
        {
          "key": "hookStrength",
          "label": "Hook strength",
          "status": "AMBER",
          "why": "Hook exists (‚ÄúWin a Movie Ticket Instantly‚Äù) but needs tightening and brand-locking; a sharper variant is proposed (‚ÄúDouble the Movie Magic‚Äù).",
          "fix": "Change-from: long/soft hook (‚ÄúWin a Movie Ticket Instantly‚Äù). ‚Üí Change-to: 2‚Äì6 words, brand-locked, used on pack and the first screen."
        },
        {
          "key": "mechanicFit",
          "label": "Entry mechanic",
          "status": "GREEN",
          "why": "Mechanic defined: Buy 2 products, upload receipt, win instantly."
        },
        {
          "key": "frequencyPotential",
          "label": "Repeat potential",
          "status": "AMBER",
          "why": "Repeat rhythm not explicit for this format.",
          "fix": "Change-from: one-off entry. ‚Üí Change-to: light weekly moment + bonus entries at 2 and 4 units."
        },
        {
          "key": "friction",
          "label": "Hassle to enter",
          "status": "RED",
          "why": "Entry is genuinely onerous (mail-in or multi-proof at first step). This will suppress trial.",
          "fix": "Remove mail-in / first-step proof / multi-upload. Make first touch minimal; shift verification post-entry."
        },
        {
          "key": "rewardShape",
          "label": "How the value feels",
          "status": "AMBER",
          "why": "Expected buyers/entries not provided; adequacy judged via cadence and visibility. Requires: Provide expected buyers/entries (range).",
          "fix": "Publish ‚ÄúTotal winners‚Äù, clarify cadence, and provide expected buyers/entries for a firmer read."
        },
        {
          "key": "retailerReadiness",
          "label": "Retailer readiness",
          "status": "AMBER",
          "why": "Retailers named (Coles, Woolworths, ALDI, IGA, 7-Eleven). Keep staff workload near zero.",
          "fix": "Change-from: loose POS (Coles, Woolworths, ALDI, IGA, 7-Eleven). ‚Üí Change-to: pre-packed POS kits; no staff adjudication; central processing."
        },
        {
          "key": "complianceRisk",
          "label": "Compliance risk",
          "status": "GREEN",
          "why": "Standard trade promo guardrails."
        },
        {
          "key": "fulfilment",
          "label": "Fulfilment",
          "status": "GREEN",
          "why": "Central fulfilment looks straightforward."
        },
        {
          "key": "kpiRealism",
          "label": "KPI realism",
          "status": "AMBER",
          "why": "Entry band not named; prize/media not back-solved to that range.",
          "fix": "Change-from: no entry band. ‚Üí Change-to: set range, back-solve media and ops to it."
        }
      ],
      "trade": {
        "priority": "LOW",
        "table": []
      },
      "reflective": false,
      "hideScoreboard": true,
      "assuredValue": false,
      "offerIQ": {
        "score": 4.8,
        "verdict": "REVIEW",
        "confidence": 0.5,
        "lenses": {
          "adequacy": {
            "score": 4.5,
            "why": "Expected buyers/entries not provided; adequacy judged via cadence and visibility.",
            "fix": "Add: expected buyers/entries and total winners, or show ‚ÄúTotal winners‚Äù and cadence in communications."
          },
          "simplicity": {
            "score": 6.5,
            "why": "Some admin implied (fields/proof or wait time).",
            "fix": "Keep claim one-screen; limit fields; good OCR; publish timelines."
          },
          "certainty": {
            "score": 3.7,
            "why": "Perceived odds unclear; cadence thin.",
            "fix": "Show cadence and ‚ÄúTotal winners‚Äù; avoid fine print that hides odds."
          },
          "salience": {
            "score": 4,
            "why": "Needs a visible moment or total-winners headline.",
            "fix": "Publish ‚ÄúTotal winners‚Äù and name the cadence; add a bold moment line."
          },
          "talkability": {
            "score": 5,
            "why": "Seasonal hook helps.",
            "fix": "Add a brand-right experiential or symbolic angle."
          },
          "retailerFit": {
            "score": 6,
            "why": "Ensure any adjudication is central; ship pre-packed POS.",
            "fix": "Keep staff script ‚â§5s; no in-store adjudication."
          },
          "brandFit": {
            "score": 5,
            "why": "Feels generic; weak brand lock.",
            "fix": "Lock line and visuals to distinctive assets and the brand‚Äôs functional truth."
          }
        },
        "hardFlags": [],
        "recommendations": [
          "Add: expected buyers/entries and total winners, or show ‚ÄúTotal winners‚Äù and cadence in communications.",
          "Keep claim one-screen; limit fields; good OCR; publish timelines.",
          "Publish ‚ÄúTotal winners‚Äù and name the cadence; add a bold moment line.",
          "Publish ‚ÄúTotal winners‚Äù and show cadence prominently.",
          "Add visible cadence (instant or weekly) to match in-market fairness signals."
        ],
        "asks": [
          "Provide expected buyers/entries (range)."
        ],
        "mode": "PRIZE",
        "diagnostics": {
          "valueAmount": 0,
          "aspAnchor": 100,
          "expectedBuyers": null,
          "totalWinners": 2010,
          "coverageRate": null,
          "cadenceSignals": false,
          "symbolicSignals": false,
          "headlineMax": 0,
          "banded": false,
          "overlay": false,
          "overlayExperiential": false,
          "overlayLabel": "",
          "researchBenchmarks": {
            "heroPrize": {
              "median": 35.5,
              "mode": 1
            },
            "cadenceShare": {
              "instant": 0.3529411764705883,
              "weekly": 0.2352941176470588,
              "daily": 0.4117647058823529
            },
            "manyWinnersShare": 0,
            "prizeCountsObserved": {
              "total": 10,
              "common": [
                {
                  "count": 1,
                  "share": 0.2
                },
                {
                  "count": 150,
                  "share": 0.2
                },
                {
                  "count": 3,
                  "share": 0.1
                }
              ]
            },
            "recommendedHeroCount": 3,
            "positionVsMarket": "UNKNOWN"
          },
          "cashbackVsMarket": "UNKNOWN",
          "heroVsMarket": "UNKNOWN"
        }
      },
      "research": {
        "brand": {
          "query": "The Wicked Sisters",
          "summary": "The Wicked Sisters is a Russian fairy tale collected by Alexander Afanasyev in Narodnye russkie skazki.",
          "facts": [
            {
              "claim": "Wicked Sister x Wicked ‚Äî Purchase any two packs of Wicked Sister Products for your chance to instantly win a movie ticket!",
              "source": "Source: wickedsisterwin.com.au (https://wickedsisterwin.com.au/)"
            },
            {
              "claim": "FAQs - Wicked Sister x Wicked ‚Äî Buy any 2 packs of Wicked Sister products in one transaction from a Woolworths store during the Woolworths Exclusive promotion period. Then go ...",
              "source": "Source: wickedsisterwin.com.au (https://wickedsisterwin.com.au/faq)"
            },
            {
              "claim": "Wicked Sister: Home Page ‚Äî Enjoy wickedly delicious desserts designed for everyday indulgence by Wicked Sister. Explore our wicked range, try recipes and find stockists here.",
              "source": "Source: wickedsister.com.au (https://www.wickedsister.com.au/)"
            }
          ]
        },
        "audience": {
          "notes": "Primary grocery buyers ‚Ä¢ They reward the family with purposeful treats that feel magical but still practical. ‚Ä¢ Plans movie nights, shares dessert finds on social, responds to retailer app notifications.",
          "facts": [
            {
              "claim": "Wicked Sister goes 'For Good' with new Wicked-inspired ... ‚Äî Chilled dessert brand Wicked Sister has launched limited-edition dessert pots inspired by Wicked: For Good film set to premiere next month.",
              "source": "Source: insidefmcg.com.au (https://insidefmcg.com.au/2025/10/13/wicked-sister-goes-for-good-with-new-wicked-inspired-desserts/)"
            },
            {
              "claim": "Paul Polly from Wicked Sister | Determined to succeed ‚Äî This is the story of Paul Polly and Wicked Sister desserts. Learn how he went from one pot to a $12 million factory.",
              "source": "Source: nab.com.au (https://www.nab.com.au/business/small-business/moments/business-progress/wickedsister)"
            },
            {
              "claim": "Wicked Sister bulks up protein pudding pack size ‚Äî With 15 grams of protein per serving and available in chocolate, strawberry, banana, along with a new vanilla flavour, these join the wider 170 ...",
              "source": "Source: foodanddrinkbusiness.com.au (https://www.foodanddrinkbusiness.com.au/new-in-store/wicked-sister-bulks-up-protein-pudding-pack-size)"
            }
          ]
        },
        "category": {
          "query": "Frozen dessert",
          "summary": "Frozen dessert is a dessert made by freezing liquids, semi-solids, and sometimes solids. They may be based on flavored water, on fruit pur√©es, on milk and cream, on custard, on mousse (semifreddo), and others. It is sometimes sold as ice-cream in South Asia and other countries.",
          "facts": [
            {
              "claim": "Frozen dessert is a dessert made by freezing liquids, semi-solids, and sometimes solids. They may be based on flavored water, on fruit pur√©es, on milk and cream, on custard, on mousse (semifreddo), and others. It is sometimes sold as ice-cream in South Asia and other countries.",
              "source": "Source: Wikipedia ‚Äî Frozen dessert (https://en.wikipedia.org/wiki/Frozen%20dessert)"
            },
            {
              "claim": "Australia Ice Cream Market Share, Growth & Forecast 2030 ‚Äî The Australia Ice Cream Market is projected to witness a CAGR of 2.95% for the forecast period between 2023 and 2030.",
              "source": "Source: marketsandata.com (https://www.marketsandata.com/industry-reports/australia-ice-cream-market)"
            },
            {
              "claim": "Australia Ice Cream Market Share, Size, Growth Report ‚Äî The Australia ice cream market, valued at AUD 1407.35 million in 2024, is projected to grow at 1.51% CAGR, reaching AUD 1634.90 million by 2034.",
              "source": "Source: expertmarketresearch.com.au (https://www.expertmarketresearch.com.au/reports/australia-ice-cream-market)"
            },
            {
              "claim": "Frozen Desserts Market Size, Growth, Trends and Forecast ‚Äî Frozen Desserts Market is anticipated to expand from $112.9 billion in 2024 to $191.5 billion by 2034, growing at a CAGR of approximately 5.4%.",
              "source": "Source: globalinsightservices.com (https://www.globalinsightservices.com/reports/frozen-desserts-market/)"
            },
            {
              "claim": "Frozen Desserts ‚Äî Frozen Desserts ; $9.00. $2.40 / 100G. Sara Lee Chocolate Swirl Bavarian 375g. Promoted ; $7.20. $9.00 $2.00 / 100G. Sara Lee French Cream Cheesecake 360g. 4.5 / ...Read more",
              "source": "Source: woolworths.com.au (https://www.woolworths.com.au/shop/browse/freezer/frozen-desserts?srsltid=AfmBOor978BnhC9QQ7V61ixEDkNXooZBKeO_izpimvDYa_XMaM_pK2PV)"
            },
            {
              "claim": "Ice Cream Specials & Offers ‚Äî SAVE $1.90. $7.60. $9.50 $0.76 / 100ML. Sanitarium So Good Vanilla Bliss Frozen Dessert 1L. Add to cart. Save to list. 20% Off. SAVE $3.00. $12.00. $15.00 $2.53 ...Read more",
              "source": "Source: woolworths.com.au (https://www.woolworths.com.au/shop/browse/freezer/ice-cream/ice-cream-specials?srsltid=AfmBOopklJhi7Q-ODSy445CW1x4bWiwbCJfR-Bf19Nz6h5iPuw5p1RoP)"
            }
          ]
        },
        "competitors": {
          "names": [
            "Rokeby Farms",
            "Priestley‚Äôs Gourmet Delights",
            "Jillian's Cakery",
            "Belle Fleur",
            "Beak & Johnston",
            "Carman's",
            "Pauls PLUS+",
            "Chobani",
            "Sara Lee",
            "Streets",
            "Ferrero Australia",
            "Gelatissimo"
          ],
          "facts": [
            {
              "claim": "Brief competitor: Streets",
              "source": "Source: brief"
            },
            {
              "claim": "Rokeby Farms Chocolate Protein Smoothie 6 x 425ml ‚Äî Rokeby Farms Chocolate Protein Smoothie 6 x 425ml is a protein drink providing all 9 essential amino acids while providing sustained energy and fullness.",
              "source": "Source: costco.com.au (https://www.costco.com.au/Business-Delivery/Beverages/Other-Drinks/Rokeby-Farms-Chocolate-Protein-Smoothie-6-x-425ml/p/163543_BD)"
            },
            {
              "claim": "Rokeby Farms ‚Äî All Rokeby Farms products are now available with Subscribe & Save ¬∑ Enjoy 5% off on every recurring order!",
              "source": "Source: bulkeatswarehouse.com.au (https://bulkeatswarehouse.com.au/collections/rokeby-farms?srsltid=AfmBOor6oarDx_IPDf159c9EL9eQwXX8n14gx1vpjMrGlr10qZ4zQgwm)"
            },
            {
              "claim": "Rokeby Nutrition ‚Äî Rokeby is a nutrition food company based in Melbourne. We make a range of award-winning dairy products to enjoy as part of a healthy lifestyle.",
              "source": "Source: rokebynutrition.com (https://rokebynutrition.com/)"
            },
            {
              "claim": "ROKEBY FARM Archives ‚Äî ROKEBY FARM offers Bold Brew drinks in flavors like Double Shot, Iced Mocha, and Iced Latte, and Protein Smoothies in flavors like Banana Honey & Cinnamon, ...",
              "source": "Source: coast2coastdistributors.com.au (https://coast2coastdistributors.com.au/product-category/alternate-flavoured-milks/rokeby-farm-alternate-flavoured-milks/)"
            },
            {
              "claim": "Shop Rokeby Products Online ‚Äî Shop your way at Coles. Our range of Rokeby products at everyday low prices you know and trust. Shop online and get home delivery or ...",
              "source": "Source: coles.com.au (https://www.coles.com.au/brands/rokeby-811816065?srsltid=AfmBOop9dnVgblMzb0AKajWg_OilDB9BIOzgQmQXynZr2Vt3zHlm3A-e)"
            },
            {
              "claim": "Rokeby Farms Protein Smoothie - Dutch Chocolate ‚Äî $4.95. Rokeby Farms Whole Protein Smoothie! Loaded with real cocoa for natural chocolate goodness. Ingredients: Filtered low fat milk, cane sugar, cream, dutch ...",
              "source": "Source: athletesnutrition.com.au (https://athletesnutrition.com.au/products/copy-of-rokeby-farms-protein-smoothie-banana-honey-cinnamon?srsltid=AfmBOopwuArEAMTQsdUswAhgf4qe8xQLZ0MEHrJwVeh5quVK1ZxLYReF)"
            },
            {
              "claim": "üéâüéâ COMPETITION: To share some smoothie love we are ... ‚Äî COMPETITION: To share some smoothie love we are giving away one lucky Rokeby Farms fan a year's supply of our smoothies! To enter: 1. Like ...",
              "source": "Source: instagram.com (https://www.instagram.com/p/CTTJ7b1PNIQ/)"
            },
            {
              "claim": "Competition/Antitrust & Consumer ‚Äî acquisition of a 45% interest in the Made Group (owners of the Cocobella, Rokeby Farms, Impressed Juice and Nutrient Water brands), together with its bottler, ...",
              "source": "Source: addisons.com (https://addisons.com/capabilities/competition-consumer-antitrust/)"
            },
            {
              "claim": "Our brands ‚Äî Rokeby is a functional dairy brand offering a range of high quality products that deliver natural straight-up nutrition to smartly power active people through ...",
              "source": "Source: madegroup.com (https://www.madegroup.com/our-brands)"
            },
            {
              "claim": "About Rokeby ‚Äî Rokeby products are naturally high in protein, made from fresh locally sourced milk and trusted quality ingredients, to help you smartly power through your day.",
              "source": "Source: rokebynutrition.com (https://rokebynutrition.com/pages/about-rokeby)"
            },
            {
              "claim": "Rokeby Farms: Premium protein driving significant growth ‚Äî Rokeby Farms innovative Whole Protein Breakfast Smoothies are made with fresh, cold-filtered milk that contains twice the protein of regular milk and no added ...",
              "source": "Source: c-store.com.au (https://www.c-store.com.au/rokeby-farms-premium-protein-driving-significant-growth/)"
            }
          ],
          "promos": [
            {
              "brand": "ROKEBYNUTRITION",
              "url": "https://rokebynutrition.com/",
              "source": "Source: rokebynutrition.com (https://rokebynutrition.com/)",
              "title": "Rokeby Nutrition",
              "headline": "Rokeby is a nutrition food company based in Melbourne. We make a range of award-winning dairy products to enjoy as part of a healthy lifestyle.",
              "type": "PRIZE",
              "heroCount": null,
              "totalWinners": null,
              "cadence": null,
              "prizeItems": [
                "car",
                "data",
                "tv"
              ],
              "prizeValueHint": null,
              "confidence": 0.6,
              "viaRedemption": false,
              "giftCard": null
            },
            {
              "brand": "RMHHOMELOTTERY",
              "url": "https://www.rmhhomelottery.com.au/pdfs/rmh-mel-2025-2-winners-FA.pdf",
              "source": "Source: rmhhomelottery.com.au (https://www.rmhhomelottery.com.au/pdfs/rmh-mel-2025-2-winners-FA.pdf)",
              "title": "Congratulations",
              "headline": "Congratulations to our. $5.3M Grand Prize winner! Rowena of Swifts Creek (#10134243) has won this fully furnished home in Camberwell. Win big ...",
              "type": "PRIZE",
              "heroCount": null,
              "totalWinners": null,
              "cadence": null,
              "prizeItems": [
                "data",
                "tv",
                "car",
                "cash",
                "holiday"
              ],
              "prizeValueHint": "$39",
              "confidence": 0.6,
              "viaRedemption": false,
              "giftCard": null
            },
            {
              "brand": "ADDISONS",
              "url": "https://addisons.com/capabilities/competition-consumer-antitrust/",
              "source": "Source: addisons.com (https://addisons.com/capabilities/competition-consumer-antitrust/)",
              "title": "Competition/Antitrust &amp; Consumer | Addisons | Sydney Law Firm",
              "headline": "Competition/Antitrust &#038; Consumer",
              "type": "PRIZE",
              "heroCount": null,
              "totalWinners": null,
              "cadence": null,
              "prizeItems": [
                "car",
                "data",
                "plan"
              ],
              "prizeValueHint": "$534",
              "confidence": 0.6,
              "viaRedemption": false,
              "giftCard": null
            },
            {
              "brand": "DIAA",
              "url": "https://diaa.asn.au/wp-content/uploads/2019_DIAA_Vic_Results.pdf",
              "source": "Source: diaa.asn.au (https://diaa.asn.au/wp-content/uploads/2019_DIAA_Vic_Results.pdf)",
              "title": "DIAA Victorian Dairy Product Competition",
              "headline": "Rokeby Farms Whole Protein Smoothie. Chocolate. 17.00. Bulla Dairy Foods. Bulla ... Victorian Dairy Product Competitions visit: www.diaa.asn.au. Dairy Industry.",
              "type": "PRIZE",
              "heroCount": null,
              "totalWinners": null,
              "cadence": null,
              "prizeItems": [
                "data",
                "tv",
                "car"
              ],
              "prizeValueHint": "$06",
              "confidence": 0.6,
              "viaRedemption": false,
              "giftCard": null
            },
            {
              "brand": "FOODANDDRINKBUSINESS",
              "url": "https://www.foodanddrinkbusiness.com.au/news/rethinking-the-white-drink",
              "source": "Source: foodanddrinkbusiness.com.au (https://www.foodanddrinkbusiness.com.au/news/rethinking-the-white-drink)",
              "title": "Rethinking the white drink - Food &amp; Drink Business",
              "headline": "Rethinking the white drink",
              "type": "PRIZE",
              "heroCount": null,
              "totalWinners": null,
              "cadence": null,
              "prizeItems": [
                "data",
                "car",
                "plan",
                "tv"
              ],
              "prizeValueHint": null,
              "confidence": 0.6,
              "viaRedemption": false,
              "giftCard": null
            },
            {
              "brand": "Rokeby Farms",
              "url": "https://www.retailbiz.com.au/offline-retailing/rokeby-farms-premium-protein-driving-significant-growth/",
              "source": "Source: retailbiz.com.au (https://www.retailbiz.com.au/offline-retailing/rokeby-farms-premium-protein-driving-significant-growth/)",
              "title": "Rokeby Farms: Premium protein driving significant growth - retailbiz",
              "headline": "Rokeby Farms sources fresh milk from a selection of farms located in Victoria, which is then delivered to its new manufacturing facility located ...",
              "type": "PRIZE",
              "heroCount": null,
              "totalWinners": null,
              "cadence": null,
              "prizeItems": [
                "car",
                "data",
                "plan",
                "plans",
                "tv"
              ],
              "prizeValueHint": "$10",
              "confidence": 0.6,
              "viaRedemption": false,
              "giftCard": null
            },
            {
              "brand": "WHATSINSEASON",
              "url": "https://www.whatsinseason.com.au/blog/turn-fries-into-cash-win-200k/",
              "source": "Source: whatsinseason.com.au (https://www.whatsinseason.com.au/blog/turn-fries-into-cash-win-200k/)",
              "title": "Turn Fries into Cash - Win $200K - Welcome - InSeason",
              "headline": "Turn Fries into Cash &#8211; Win $200K",
              "type": "PRIZE",
              "heroCount": null,
              "totalWinners": null,
              "cadence": "weekly",
              "prizeItems": [
                "data",
                "cash",
                "car",
                "tv"
              ],
              "prizeValueHint": "$200",
              "confidence": 0.6,
              "viaRedemption": false,
              "giftCard": null
            },
            {
              "brand": "PRIESTLEYS-GOURMET",
              "url": "https://www.priestleys-gourmet.com.au/",
              "source": "Source: priestleys-gourmet.com.au (https://www.priestleys-gourmet.com.au/)",
              "title": "Wholesale Cakes, Desserts &amp; Baked Goods for Cafes &amp; Businesses | Priestley&#039;s Gourmet Delights",
              "headline": "Homepage #New",
              "type": "PRIZE",
              "heroCount": null,
              "totalWinners": null,
              "cadence": null,
              "prizeItems": [
                "data",
                "car",
                "tv",
                "trip"
              ],
              "prizeValueHint": null,
              "confidence": 0.6,
              "viaRedemption": false,
              "giftCard": null
            },
            {
              "brand": "GOURMET-DELIGHTS",
              "url": "https://gourmet-delights.com.au/",
              "source": "Source: gourmet-delights.com.au (https://gourmet-delights.com.au/)",
              "title": "Gourmet Delights &#8211; A Little Bite of Heaven.",
              "headline": "Your perfect partner for me time moments.",
              "type": "PRIZE",
              "heroCount": null,
              "totalWinners": null,
              "cadence": null,
              "prizeItems": [
                "data",
                "car"
              ],
              "prizeValueHint": null,
              "confidence": 0.6,
              "viaRedemption": false,
              "giftCard": null
            },
            {
              "brand": "PRIESTLEYS-GOURMET",
              "url": "https://www.priestleys-gourmet.com.au/blog",
              "source": "Source: priestleys-gourmet.com.au (https://www.priestleys-gourmet.com.au/blog)",
              "title": "Priestley&#039;s Blog | Priestley&#039;s Gourmet Delights",
              "headline": "Priestley&#8217;s Blog",
              "type": "PRIZE",
              "heroCount": null,
              "totalWinners": null,
              "cadence": null,
              "prizeItems": [
                "data",
                "car",
                "tv",
                "holiday",
                "trip"
              ],
              "prizeValueHint": null,
              "confidence": 0.6,
              "viaRedemption": false,
              "giftCard": null
            },
            {
              "brand": "PRIESTLEYS-GOURMET",
              "url": "https://www.priestleys-gourmet.com.au/insight/podcasts",
              "source": "Source: priestleys-gourmet.com.au (https://www.priestleys-gourmet.com.au/insight/podcasts)",
              "title": "Podcasts | Priestley&#039;s Gourmet Delights",
              "headline": "Podcasts",
              "type": "PRIZE",
              "heroCount": null,
              "totalWinners": null,
              "cadence": null,
              "prizeItems": [
                "data",
                "car",
                "tv",
                "trip"
              ],
              "prizeValueHint": null,
              "confidence": 0.6,
              "viaRedemption": false,
              "giftCard": null
            },
            {
              "brand": "COURIERMAIL",
              "url": "https://www.couriermail.com.au/news/national/back-australia/how-priestleys-gourmet-delights-thrives-with-automation-while-supporting-more-australian-jobs/news-story/9b8e562ce4d2b5c64e80fb04cd3c62b2",
              "source": "Source: couriermail.com.au (https://www.couriermail.com.au/news/national/back-australia/how-priestleys-gourmet-delights-thrives-with-automation-while-supporting-more-australian-jobs/news-story/9b8e562ce4d2b5c64e80fb04cd3c62b2)",
              "title": "No Cookies | The Courier Mail",
              "headline": "No Cookies",
              "type": "PRIZE",
              "heroCount": null,
              "totalWinners": null,
              "cadence": null,
              "prizeItems": [
                "car",
                "data",
                "plan",
                "tv"
              ],
              "prizeValueHint": null,
              "confidence": 0.6,
              "viaRedemption": false,
              "giftCard": null
            },
            {
              "brand": "Jillian's Cakery",
              "url": "https://www.easyweddings.com.au/WeddingCakes/Sydney/JilliansCakery/",
              "source": "Source: easyweddings.com.au (https://www.easyweddings.com.au/WeddingCakes/Sydney/JilliansCakery/)",
              "title": "Jillian&#39;s Cakery - Wedding Cakes Surry Hills | Easy Weddings",
              "headline": "Jillian&#39;s Cakery",
              "type": "PRIZE",
              "heroCount": null,
              "totalWinners": null,
              "cadence": null,
              "prizeItems": [
                "data",
                "tv",
                "car",
                "plan",
                "cash"
              ],
              "prizeValueHint": null,
              "confidence": 0.6,
              "viaRedemption": false,
              "giftCard": null
            },
            {
              "brand": "Jillian's Cakery",
              "url": "https://www.sydneycakery.com.au/product/jillians-cakery-online-gift-card-redeemable-online-only/",
              "source": "Source: sydneycakery.com.au (https://www.sydneycakery.com.au/product/jillians-cakery-online-gift-card-redeemable-online-only/)",
              "title": "Jillian&#039;s Cakery Online Gift Card (redeemable online only) &#183; Sydney Cakery",
              "headline": "Jillian&#8217;s Cakery Online Gift Card (redeemable online only)",
              "type": "PRIZE",
              "heroCount": null,
              "totalWinners": null,
              "cadence": null,
              "prizeItems": [
                "gift card",
                "car",
                "data",
                "tv",
                "trip",
                "plan",
                "cash",
                "giftcard"
              ],
              "prizeValueHint": "$10",
              "confidence": 0.6,
              "viaRedemption": false,
              "giftCard": null
            },
            {
              "brand": "THATGIRLFROMSYDNEY",
              "url": "https://thatgirlfromsydney.com/2020/02/27/who-is-jillian-and-what-does-she-do/",
              "source": "Source: thatgirlfromsydney.com (https://thatgirlfromsydney.com/2020/02/27/who-is-jillian-and-what-does-she-do/)",
              "title": "Who Is Jillian And What Does She Do? &#8211; That Girl from Sydney",
              "headline": "Who Is Jillian And What Does She&nbsp;Do?",
              "type": "PRIZE",
              "heroCount": null,
              "totalWinners": null,
              "cadence": null,
              "prizeItems": [
                "car",
                "data",
                "plan",
                "tv"
              ],
              "prizeValueHint": null,
              "confidence": 0.6,
              "viaRedemption": false,
              "giftCard": null
            },
            {
              "brand": "Jillian's Cakery",
              "url": "https://www.theurbanlist.com/sydney/directory/jillian-s-cakery",
              "source": "Source: theurbanlist.com (https://www.theurbanlist.com/sydney/directory/jillian-s-cakery)",
              "title": "Jillian's Cakery | URBAN LIST SYDNEY",
              "headline": "Jillian‚Äôs Cakery",
              "type": "PRIZE",
              "heroCount": null,
              "totalWinners": null,
              "cadence": null,
              "prizeItems": [
                "tv",
                "data",
                "car"
              ],
              "prizeValueHint": null,
              "confidence": 0.6,
              "viaRedemption": false,
              "giftCard": null
            },
            {
              "brand": "YOUTUBE",
              "url": "https://www.youtube.com/c/jillianbutler",
              "source": "Source: youtube.com (https://www.youtube.com/c/jillianbutler)",
              "title": "Jillian Butler - YouTube",
              "headline": "I started a successful cake shop in Sydney called Jillian's Cakery that I ran for 7 years and there were lots of lessons that I learned along the way. Now ...",
              "type": "PRIZE",
              "heroCount": null,
              "totalWinners": null,
              "cadence": null,
              "prizeItems": [
                "data",
                "tv",
                "car"
              ],
              "prizeValueHint": null,
              "confidence": 0.6,
              "viaRedemption": false,
              "giftCard": null
            },
            {
              "brand": "Belle Fleur",
              "url": "https://bellefleur.com.au/",
              "source": "Source: bellefleur.com.au (https://bellefleur.com.au/)",
              "title": "Homepage | Belle Fleur Fine Chocolates | Chocolate Sydney",
              "headline": "Handmade chocolates that taste sensational. Choose from over 45 traditional and contemporary flavours in-store.Jump to",
              "type": "PRIZE",
              "heroCount": null,
              "totalWinners": null,
              "cadence": null,
              "prizeItems": [
                "car",
                "data",
                "tv",
                "trip",
                "gift card"
              ],
              "prizeValueHint": null,
              "confidence": 0.6,
              "viaRedemption": false,
              "giftCard": null
            },
            {
              "brand": "ADAIRS",
              "url": "https://www.adairs.com.au/terms-conditions/competitions/?srsltid=AfmBOoqdmhyAkjp-0mo6YgOOktDktJHmHAKnYF3zeB9uw5Neg7BZ2F6C",
              "source": "Source: adairs.com.au (https://www.adairs.com.au/terms-conditions/competitions/?srsltid=AfmBOoqdmhyAkjp-0mo6YgOOktDktJHmHAKnYF3zeB9uw5Neg7BZ2F6C)",
              "title": "Past Competitions | Adairs",
              "headline": "The 'Draw 3' winner is Edith Pullen. The 'Draw 4' winner is Vibeke Foss. The 'Adairs Kids Fur Cushions & Throw Competition' commenced at 12:00am AEST on the 14 ...Jump to",
              "type": "PRIZE",
              "heroCount": 3,
              "totalWinners": null,
              "cadence": null,
              "prizeItems": [
                "data",
                "car",
                "trip",
                "plan",
                "washer",
                "gift card",
                "tv",
                "voucher",
                "cash"
              ],
              "prizeValueHint": "$30",
              "confidence": 0.6,
              "viaRedemption": false,
              "giftCard": null
            },
            {
              "brand": "RMHHOMELOTTERY",
              "url": "https://www.rmhhomelottery.com.au/on/demandware.static/Sites-RML_MEL-Site/Sites-RML_MEL-Library/-/pdfs/rmh-mel-2025-1-winners-FA-2.pdf",
              "source": "Source: rmhhomelottery.com.au (https://www.rmhhomelottery.com.au/on/demandware.static/Sites-RML_MEL-Site/Sites-RML_MEL-Library/-/pdfs/rmh-mel-2025-1-winners-FA-2.pdf)",
              "title": "Congratulations",
              "headline": "Congratulations to our Early Bird winner! Jeffrey from Bulleen (#008153) has won the half a million Early Bird Prize! EARLY BIRD PRIZE.Jump to",
              "type": "PRIZE",
              "heroCount": null,
              "totalWinners": null,
              "cadence": null,
              "prizeItems": [
                "data",
                "tv",
                "cash",
                "holiday",
                "car",
                "plan"
              ],
              "prizeValueHint": "$39",
              "confidence": 0.6,
              "viaRedemption": false,
              "giftCard": null
            },
            {
              "brand": "ROCKYSHOW",
              "url": "https://www.rockyshow.com.au/Competitions/Animals-Competitions/Horse-Competition-Program",
              "source": "Source: rockyshow.com.au (https://www.rockyshow.com.au/Competitions/Animals-Competitions/Horse-Competition-Program)",
              "title": "Horse Competition Program Rockhampton Show",
              "headline": "Horse Competition Program",
              "type": "PRIZE",
              "heroCount": null,
              "totalWinners": null,
              "cadence": null,
              "prizeItems": [
                "car",
                "tv",
                "data",
                "plan"
              ],
              "prizeValueHint": null,
              "confidence": 0.6,
              "viaRedemption": false,
              "giftCard": null
            },
            {
              "brand": "BELLEFLEUR",
              "url": "https://bellefleur.com.au/occasions/",
              "source": "Source: bellefleur.com.au (https://bellefleur.com.au/occasions/)",
              "title": "Special Occasions &amp; Events | Belle Fleur Fine Chocolates",
              "headline": "Occasions",
              "type": "PRIZE",
              "heroCount": null,
              "totalWinners": null,
              "cadence": null,
              "prizeItems": [
                "car",
                "data",
                "tv",
                "trip",
                "gift card"
              ],
              "prizeValueHint": null,
              "confidence": 0.6,
              "viaRedemption": false,
              "giftCard": null
            },
            {
              "brand": "MARKETINGBEE",
              "url": "https://marketingbee.com.au/sharon-latour-returns-as-a-judge-for-the-2025-australian-web-awards/",
              "source": "Source: marketingbee.com.au (https://marketingbee.com.au/sharon-latour-returns-as-a-judge-for-the-2025-australian-web-awards/)",
              "title": "Sharon Latour Returns as a Judge for the 2025 Australian Web Awards - Marketing Bee",
              "headline": "Sharon Latour Returns as a Judge for the 2025 Australian Web Awards",
              "type": "PRIZE",
              "heroCount": null,
              "totalWinners": null,
              "cadence": null,
              "prizeItems": [
                "car",
                "data",
                "tv"
              ],
              "prizeValueHint": null,
              "confidence": 0.6,
              "viaRedemption": false,
              "giftCard": null
            },
            {
              "brand": "Beak & Johnston",
              "url": "https://www.beakandjohnston.com.au/",
              "source": "Source: beakandjohnston.com.au (https://www.beakandjohnston.com.au/)",
              "title": "Home - Quality Food Manufacturer | Beak &amp; Johnston",
              "headline": "Beak & Johnston is a proudly Australian, privately owned fresh food business with over 39 years of experience delivering innovative, value-added meal solutions.",
              "type": "PRIZE",
              "heroCount": null,
              "totalWinners": null,
              "cadence": null,
              "prizeItems": [
                "car",
                "data",
                "plan"
              ],
              "prizeValueHint": null,
              "confidence": 0.6,
              "viaRedemption": false,
              "giftCard": null
            },
            {
              "brand": "BEAKANDJOHNSTON",
              "url": "https://www.beakandjohnston.com.au/about-us/",
              "source": "Source: beakandjohnston.com.au (https://www.beakandjohnston.com.au/about-us/)",
              "title": "About Us - Quality Food Manufacturer | Beak &amp; Johnston",
              "headline": "Beak & Johnston was founded in 1986 by David Beak, bringing together four generations of global meat industry knowledge.",
              "type": "PRIZE",
              "heroCount": null,
              "totalWinners": null,
              "cadence": null,
              "prizeItems": [
                "car",
                "data",
                "plan"
              ],
              "prizeValueHint": "$15",
              "confidence": 0.6,
              "viaRedemption": false,
              "giftCard": null
            },
            {
              "brand": "BAKINGBUSINESS",
              "url": "https://bakingbusiness.com.au/wp-content/uploads/2019/10/2019-fine-food-catalogue-web.pdf",
              "source": "Source: bakingbusiness.com.au (https://bakingbusiness.com.au/wp-content/uploads/2019/10/2019-fine-food-catalogue-web.pdf)",
              "title": "Sydney Royal Fine Food Show - Baking Business",
              "headline": "It draws from Sydney Royal Champions throughout the year, examines, and celebrates truly inspirational, innovative agricultural food and beverage achievers.",
              "type": "PRIZE",
              "heroCount": null,
              "totalWinners": null,
              "cadence": null,
              "prizeItems": [
                "data",
                "tv",
                "car"
              ],
              "prizeValueHint": "$224",
              "confidence": 0.6,
              "viaRedemption": false,
              "giftCard": null
            },
            {
              "brand": "ISSUU",
              "url": "https://issuu.com/theintermediagroup/docs/c_i_retailing_magazine_august-september_2025",
              "source": "Source: issuu.com (https://issuu.com/theintermediagroup/docs/c_i_retailing_magazine_august-september_2025)",
              "title": "C&amp;amp;I Retailing Magazine August-September 2025 by The Intermedia Group - Issuu",
              "headline": "C&amp;I Retailing Magazine August-September 2025",
              "type": "PRIZE",
              "heroCount": null,
              "totalWinners": null,
              "cadence": null,
              "prizeItems": [
                "car",
                "data",
                "tv",
                "plans",
                "plan"
              ],
              "prizeValueHint": "$29",
              "confidence": 0.6,
              "viaRedemption": false,
              "giftCard": null
            },
            {
              "brand": "Beak & Johnston",
              "url": "https://www.accc.gov.au/media-release/woolworths%E2%80%99-proposed-acquisition-of-beak-johnston-not-opposed",
              "source": "Source: accc.gov.au (https://www.accc.gov.au/media-release/woolworths%E2%80%99-proposed-acquisition-of-beak-johnston-not-opposed)",
              "title": "Woolworths‚Äô proposed acquisition of Beak &amp; Johnston not opposed | ACCC",
              "headline": "The ACCC will not oppose Woolworths Group Limited's (ASX:WOW) proposed acquisition of Beak & Johnston Holdings Pty Ltd (B&J).",
              "type": "PRIZE",
              "heroCount": null,
              "totalWinners": null,
              "cadence": null,
              "prizeItems": [
                "data",
                "car"
              ],
              "prizeValueHint": null,
              "confidence": 0.6,
              "viaRedemption": false,
              "giftCard": null
            },
            {
              "brand": "Beak & Johnston",
              "url": "https://www.just-food.com/news/woolworths-beak-johnston-deal-approved/",
              "source": "Source: just-food.com (https://www.just-food.com/news/woolworths-beak-johnston-deal-approved/)",
              "title": "ACCC waves through Woolworths‚Äô Beak &amp; Johnston deal",
              "headline": "Australia regulator waves through Woolworths‚Äô Beak &#038; Johnston deal",
              "type": "PRIZE",
              "heroCount": null,
              "totalWinners": null,
              "cadence": null,
              "prizeItems": [
                "data",
                "car",
                "plan",
                "tv"
              ],
              "prizeValueHint": null,
              "confidence": 0.6,
              "viaRedemption": false,
              "giftCard": null
            },
            {
              "brand": "Beak & Johnston",
              "url": "https://morganenglishlawyers.com.au/morgan-english-advises-beak-johnston-group-on-strategic-sale-to-woolworths/",
              "source": "Source: morganenglishlawyers.com.au (https://morganenglishlawyers.com.au/morgan-english-advises-beak-johnston-group-on-strategic-sale-to-woolworths/)",
              "title": "Morgan + English Advises Beak &amp; Johnston Group on Strategic Sale to Woolworths | Morgan English Lawyers",
              "headline": "Morgan + English Advises Beak &#038; Johnston Group on Strategic Sale to Woolworths",
              "type": "PRIZE",
              "heroCount": null,
              "totalWinners": null,
              "cadence": null,
              "prizeItems": [
                "data",
                "car",
                "cash",
                "trip",
                "plan",
                "tv"
              ],
              "prizeValueHint": null,
              "confidence": 0.6,
              "viaRedemption": false,
              "giftCard": null
            },
            {
              "brand": "Beak & Johnston",
              "url": "https://www.comcom.govt.nz/news-and-media/news-and-events/2025/woolworths-seeks-clearance-to-acquire-beak-and-johnston/",
              "source": "Source: comcom.govt.nz (https://www.comcom.govt.nz/news-and-media/news-and-events/2025/woolworths-seeks-clearance-to-acquire-beak-and-johnston/)",
              "title": "Woolworths seeks clearance to acquire Beak &amp; Johnston | Commerce Commission",
              "headline": "We will give clearance to a proposed merger if we are satisfied that the merger is unlikely to have the effect of substantially lessening ...",
              "type": "PRIZE",
              "heroCount": null,
              "totalWinners": null,
              "cadence": null,
              "prizeItems": [
                "trip",
                "car",
                "data",
                "plan"
              ],
              "prizeValueHint": null,
              "confidence": 0.6,
              "viaRedemption": false,
              "giftCard": null
            },
            {
              "brand": "Beak & Johnston",
              "url": "https://insideretail.com.au/news/woolworths-seeks-clearance-to-buy-beak-johnston-202501",
              "source": "Source: insideretail.com.au (https://insideretail.com.au/news/woolworths-seeks-clearance-to-buy-beak-johnston-202501)",
              "title": "Woolworths seeks clearance to buy Beak &amp; Johnston - Inside Retail Australia",
              "headline": "Woolworths seeks clearance to buy Beak &amp; Johnston",
              "type": "PRIZE",
              "heroCount": null,
              "totalWinners": null,
              "cadence": null,
              "prizeItems": [
                "data",
                "car",
                "trip"
              ],
              "prizeValueHint": "$110",
              "confidence": 0.6,
              "viaRedemption": false,
              "giftCard": null
            },
            {
              "brand": "Carman's",
              "url": "https://carmanskitchen.com.au/carmans-quarterly-care-package-giveaway-2025/",
              "source": "Source: carmanskitchen.com.au (https://carmanskitchen.com.au/carmans-quarterly-care-package-giveaway-2025/)",
              "title": "Carman‚Äôs Quarterly Care Package Giveaway Terms &amp; Conditions 2025 | Carman's Kitchen",
              "headline": "Carman‚Äôs Quarterly Care Package Giveaway Terms &#038; Conditions 2025",
              "type": "PRIZE",
              "heroCount": null,
              "totalWinners": null,
              "cadence": null,
              "prizeItems": [
                "data",
                "car",
                "plan",
                "cash",
                "tv"
              ],
              "prizeValueHint": "$100",
              "confidence": 0.6,
              "viaRedemption": false,
              "giftCard": null
            },
            {
              "brand": "Carman's",
              "url": "https://carmanskitchen.com.au/fun-run-giveaway-terms-conditions/",
              "source": "Source: carmanskitchen.com.au (https://carmanskitchen.com.au/fun-run-giveaway-terms-conditions/)",
              "title": "Carman‚Äôs Fun Run Giveaway Terms &amp; Conditions | Carman's Kitchen",
              "headline": "Carman&#8217;s Fun Run Giveaway Terms &#038; Conditions",
              "type": "PRIZE",
              "heroCount": 1,
              "totalWinners": null,
              "cadence": "instant",
              "prizeItems": [
                "data",
                "car",
                "plan",
                "voucher",
                "cash",
                "tv"
              ],
              "prizeValueHint": "$200",
              "confidence": 0.6,
              "viaRedemption": false,
              "giftCard": null
            },
            {
              "brand": "CARMANSKITCHEN",
              "url": "https://carmanskitchen.com.au/porridge-competition-terms-conditions/",
              "source": "Source: carmanskitchen.com.au (https://carmanskitchen.com.au/porridge-competition-terms-conditions/)",
              "title": "Porridge Competition Terms &amp; Conditions | Carman's Kitchen",
              "headline": "Porridge Competition Terms &#038; Conditions",
              "type": "PRIZE",
              "heroCount": null,
              "totalWinners": null,
              "cadence": null,
              "prizeItems": [
                "data",
                "car",
                "plan",
                "cash",
                "tv"
              ],
              "prizeValueHint": "$250",
              "confidence": 0.6,
              "viaRedemption": false,
              "giftCard": null
            },
            {
              "brand": "CARMANSKITCHEN",
              "url": "https://carmanskitchen.com.au/win-a-trip-to-byron-terms-and-conditions/",
              "source": "Source: carmanskitchen.com.au (https://carmanskitchen.com.au/win-a-trip-to-byron-terms-and-conditions/)",
              "title": "Win a Trip to Byron Terms and Conditions | Carman's Kitchen",
              "headline": "Win a Trip to Byron Terms and Conditions",
              "type": "PRIZE",
              "heroCount": null,
              "totalWinners": null,
              "cadence": "instant",
              "prizeItems": [
                "data",
                "car",
                "trip",
                "plan",
                "holiday",
                "voucher",
                "cash",
                "tv"
              ],
              "prizeValueHint": "$11,805",
              "confidence": 0.6,
              "viaRedemption": false,
              "giftCard": null
            },
            {
              "brand": "Carman's",
              "url": "https://solemotive.com/pages/carmans-fun-run-syd-10k?srsltid=AfmBOooHB3xkXtaoGZ9mG-_L0--9mW5jbbRWm1pnggI7e99sIs6BVcnZ",
              "source": "Source: solemotive.com (https://solemotive.com/pages/carmans-fun-run-syd-10k?srsltid=AfmBOooHB3xkXtaoGZ9mG-_L0--9mW5jbbRWm1pnggI7e99sIs6BVcnZ)",
              "title": "Carman&#39;s Fun Run Sydney 2025 - 10K | Sole Motive",
              "headline": "The Carman's Fun Run Sydney 2025 is on 21 September at Metcalfe Park, Pyrmont, with a 9:00am start. The course is a flat 2 lap with Sydney views.",
              "type": "PRIZE",
              "heroCount": null,
              "totalWinners": null,
              "cadence": null,
              "prizeItems": [
                "data",
                "car",
                "trip",
                "tv",
                "cash"
              ],
              "prizeValueHint": "$80",
              "confidence": 0.6,
              "viaRedemption": false,
              "giftCard": null
            },
            {
              "brand": "Carman's",
              "url": "https://solemotive.com/pages/carmans-fun-run-syd-home?srsltid=AfmBOorQvL6V5sSGXodJyYnpq2M5S1edAD0ntuyCApEKW69H8iURTuCJ",
              "source": "Source: solemotive.com (https://solemotive.com/pages/carmans-fun-run-syd-home?srsltid=AfmBOorQvL6V5sSGXodJyYnpq2M5S1edAD0ntuyCApEKW69H8iURTuCJ)",
              "title": "Carman&#39;s Fun Run Sydney 2025 | Sole Motive",
              "headline": "BCNA MERCHANDISE STAND &amp; MINI-FIELD OF WOMEN",
              "type": "PRIZE",
              "heroCount": null,
              "totalWinners": null,
              "cadence": null,
              "prizeItems": [
                "data",
                "car",
                "trip",
                "tv",
                "cash",
                "plan"
              ],
              "prizeValueHint": "$60",
              "confidence": 0.6,
              "viaRedemption": false,
              "giftCard": null
            },
            {
              "brand": "Carman's",
              "url": "https://solemotive.com/pages/carmans-fun-run-mel-home?srsltid=AfmBOorSgV-UdaNVOUP8CKAqEEIrYHFLflLVAtbLwxYAcUtICnE2zL_9",
              "source": "Source: solemotive.com (https://solemotive.com/pages/carmans-fun-run-mel-home?srsltid=AfmBOorSgV-UdaNVOUP8CKAqEEIrYHFLflLVAtbLwxYAcUtICnE2zL_9)",
              "title": "Carman&#39;s Fun Run Melbourne 2026 | Sole Motive",
              "headline": "BCNA MERCHANDISE STAND",
              "type": "PRIZE",
              "heroCount": null,
              "totalWinners": null,
              "cadence": null,
              "prizeItems": [
                "data",
                "car",
                "trip",
                "tv",
                "cash",
                "plan"
              ],
              "prizeValueHint": "$60",
              "confidence": 0.6,
              "viaRedemption": false,
              "giftCard": null
            },
            {
              "brand": "Carman's",
              "url": "https://www.bcna.org.au/event-directory/major-events/carman-s-fun-run-2025-sydney/",
              "source": "Source: bcna.org.au (https://www.bcna.org.au/event-directory/major-events/carman-s-fun-run-2025-sydney/)",
              "title": "Carman&#x2019;s Fun Run 2025 - Sydney",
              "headline": "Run, jog or walk 21.1K, 10K, or 5K and make your run count by raising funds to help Australians affected by breast cancer. Secure your spot now and help us turn ...",
              "type": "PRIZE",
              "heroCount": null,
              "totalWinners": null,
              "cadence": null,
              "prizeItems": [
                "data",
                "car",
                "tv"
              ],
              "prizeValueHint": "$30",
              "confidence": 0.6,
              "viaRedemption": false,
              "giftCard": null
            },
            {
              "brand": "Carman's",
              "url": "https://www.bcna.org.au/event-directory/major-events/carman-s-fun-run-2025-melbourne/",
              "source": "Source: bcna.org.au (https://www.bcna.org.au/event-directory/major-events/carman-s-fun-run-2025-melbourne/)",
              "title": "Carman&#x2019;s Fun Run 2025 - Melbourne",
              "headline": "Carman's Fun Run 2025 is on Feb 16 at Elsternwick Park, Brighton, with half-marathon, 10km, 5km run and 5km walk options. It starts at 5:45 am and ends at 1:00 ...",
              "type": "PRIZE",
              "heroCount": null,
              "totalWinners": null,
              "cadence": null,
              "prizeItems": [
                "data",
                "car",
                "tv"
              ],
              "prizeValueHint": "$30",
              "confidence": 0.6,
              "viaRedemption": false,
              "giftCard": null
            },
            {
              "brand": "PAULSPROMO",
              "url": "https://www.paulspromo.com.au/",
              "source": "Source: paulspromo.com.au (https://www.paulspromo.com.au/)",
              "title": "Paul&#039;s Kids Yoghurt Minions Promotion",
              "headline": "Open to AU res 18+. Starts: 17/3/25:12AM AEDT. Ends: 30/5/25:11.59PM AEST. Max 1 entry per transaction. Retain receipts. Draw: 51A/23 Norton St, Leichhardt, NSW ...",
              "type": "PRIZE",
              "heroCount": null,
              "totalWinners": null,
              "cadence": null,
              "prizeItems": [
                "data",
                "tv",
                "trip"
              ],
              "prizeValueHint": "$17,225",
              "confidence": 0.6,
              "viaRedemption": false,
              "giftCard": null
            },
            {
              "brand": "REDDYEXPRESS",
              "url": "https://www.reddyexpress.com.au/terms-and-conditions/peel-N-win",
              "source": "Source: reddyexpress.com.au (https://www.reddyexpress.com.au/terms-and-conditions/peel-N-win)",
              "title": "Reddy, Set, Peel &amp; Win - T&amp;Cs | Reddy Express",
              "headline": "All prize claims and entries into the unclaimed prize draw must be made by Entrants by no later than 11.59pm (Sydney time) on 30 September 2025. 5.",
              "type": "PRIZE",
              "heroCount": null,
              "totalWinners": null,
              "cadence": "instant",
              "prizeItems": [
                "data",
                "car",
                "gift card",
                "plans",
                "holiday",
                "voucher",
                "cash",
                "trip",
                "giftcard",
                "plan"
              ],
              "prizeValueHint": "$10",
              "confidence": 0.6,
              "viaRedemption": false,
              "giftCard": null
            },
            {
              "brand": "PAULS",
              "url": "https://www.pauls.com.au/",
              "source": "Source: pauls.com.au (https://www.pauls.com.au/)",
              "title": "Pauls Dairy",
              "headline": "We're pretty passionate about making great tasting products packed with real dairy goodness. We put that devotion into every Pauls milk, cream, custard, yoghurt ...",
              "type": "PRIZE",
              "heroCount": null,
              "totalWinners": null,
              "cadence": null,
              "prizeItems": [
                "data",
                "car",
                "tv"
              ],
              "prizeValueHint": null,
              "confidence": 0.6,
              "viaRedemption": false,
              "giftCard": null
            },
            {
              "brand": "SCHOOLFUNDRAISING",
              "url": "https://www.schoolfundraising.com.au/",
              "source": "Source: schoolfundraising.com.au (https://www.schoolfundraising.com.au/)",
              "title": "School Fundraising | Empowering Schools Through Colour Runs",
              "headline": "We're Australia's ultimate school fundraising partner ... When parents use it to create a profile, they go into the draw to win a $500 prize credit.",
              "type": "PRIZE",
              "heroCount": 500,
              "totalWinners": null,
              "cadence": null,
              "prizeItems": [
                "car",
                "data",
                "tv",
                "trip",
                "plan",
                "cash"
              ],
              "prizeValueHint": "$500",
              "confidence": 0.6,
              "viaRedemption": false,
              "giftCard": null
            },
            {
              "brand": "Chobani",
              "url": "https://www.chobani.com.au/chobani-fit-competition-terms-and-conditions/",
              "source": "Source: chobani.com.au (https://www.chobani.com.au/chobani-fit-competition-terms-and-conditions/)",
              "title": "Chobani Fit Competition - Terms and Conditions - Chobani Australia",
              "headline": "Chobani Fit Competition &#8211; Terms and Conditions",
              "type": "PRIZE",
              "heroCount": null,
              "totalWinners": null,
              "cadence": null,
              "prizeItems": [
                "car",
                "data",
                "cash"
              ],
              "prizeValueHint": "$399",
              "confidence": 0.6,
              "viaRedemption": false,
              "giftCard": null
            },
            {
              "brand": "Chobani",
              "url": "https://www.ozbargain.com.au/node/926882",
              "source": "Source: ozbargain.com.au (https://www.ozbargain.com.au/node/926882)",
              "title": "Win a KitchenAid Pure Power Blender + Chobani No Sugar Added Prize Pack from KitchenAid - OzBargain Competitions",
              "headline": "Win a KitchenAid Pure Power Blender + Chobani No Sugar Added Prize Pack from KitchenAid",
              "type": "PRIZE",
              "heroCount": null,
              "totalWinners": null,
              "cadence": null,
              "prizeItems": [
                "car",
                "tv",
                "data",
                "voucher",
                "gift card",
                "cash"
              ],
              "prizeValueHint": "$274",
              "confidence": 0.6,
              "viaRedemption": false,
              "giftCard": null
            },
            {
              "brand": "Chobani",
              "url": "https://www.ozbargain.com.au/competition/chobani.com.au",
              "source": "Source: ozbargain.com.au (https://www.ozbargain.com.au/competition/chobani.com.au)",
              "title": "Chobani: Competitions - OzBargain Competitions",
              "headline": "Chobani &raquo; Competitions",
              "type": "PRIZE",
              "heroCount": null,
              "totalWinners": null,
              "cadence": null,
              "prizeItems": [
                "car",
                "data",
                "voucher",
                "gift card",
                "cash"
              ],
              "prizeValueHint": "$100",
              "confidence": 0.6,
              "viaRedemption": false,
              "giftCard": null
            },
            {
              "brand": "CHOBANI",
              "url": "https://www.chobani.com.au/competition-tscs/",
              "source": "Source: chobani.com.au (https://www.chobani.com.au/competition-tscs/)",
              "title": "Competition - Terms and Conditions 2024 - Chobani Australia",
              "headline": "Chobani Australia Terms and Conditions. View Chobani x Remedy Terms and Conditions ¬∑ View Chobani x Ninja Kitchen Terms and Conditions ...",
              "type": "PRIZE",
              "heroCount": null,
              "totalWinners": null,
              "cadence": null,
              "prizeItems": [
                "car",
                "data"
              ],
              "prizeValueHint": null,
              "confidence": 0.6,
              "viaRedemption": false,
              "giftCard": null
            },
            {
              "brand": "Chobani",
              "url": "https://www.chobani.com.au/",
              "source": "Source: chobani.com.au (https://www.chobani.com.au/)",
              "title": "Chobani Australia",
              "headline": "Real yogurt. Real simple.",
              "type": "PRIZE",
              "heroCount": null,
              "totalWinners": null,
              "cadence": null,
              "prizeItems": [
                "car",
                "data",
                "plan"
              ],
              "prizeValueHint": null,
              "confidence": 0.6,
              "viaRedemption": false,
              "giftCard": null
            },
            {
              "brand": "Sara Lee",
              "url": "https://winwithsaralee.com.au/conditions.html",
              "source": "Source: winwithsaralee.com.au (https://winwithsaralee.com.au/conditions.html)",
              "title": "Sara Lee Waffles 30k Giveaway Instant Win Promotion",
              "headline": "There are 150 prizes to be given away in this Promotion: 12 x AUD$1,000.00 Cash Prize, 13 x AUD$500.00 Mastercard eVouchers and 15 x AUD$250.00 Mastercard ...",
              "type": "PRIZE",
              "heroCount": 150,
              "totalWinners": null,
              "cadence": "instant",
              "prizeItems": [
                "data",
                "cash",
                "car",
                "voucher"
              ],
              "prizeValueHint": "$500",
              "confidence": 0.6,
              "viaRedemption": false,
              "giftCard": null
            },
            {
              "brand": "Sara Lee",
              "url": "https://saralee.com.au/enter-for-your-chance-to-win-our-grocery-giveaway/",
              "source": "Source: saralee.com.au (https://saralee.com.au/enter-for-your-chance-to-win-our-grocery-giveaway/)",
              "title": "Enter for your chance to WIN our Grocery Giveaway! &#8211; Sara Lee",
              "headline": "Enter for your chance to WIN our Grocery Giveaway!",
              "type": "PRIZE",
              "heroCount": null,
              "totalWinners": null,
              "cadence": null,
              "prizeItems": [
                "voucher",
                "data",
                "car",
                "tv"
              ],
              "prizeValueHint": "$200",
              "confidence": 0.6,
              "viaRedemption": false,
              "giftCard": null
            },
            {
              "brand": "Sara Lee",
              "url": "https://saraleefoodservice.com.au/news-promotions/",
              "source": "Source: saraleefoodservice.com.au (https://saraleefoodservice.com.au/news-promotions/)",
              "title": "News &amp; Promotions | Sara Lee Foodservice Australia",
              "headline": "News &#038; Promotions",
              "type": "PRIZE",
              "heroCount": null,
              "totalWinners": null,
              "cadence": null,
              "prizeItems": [
                "data",
                "car",
                "tv"
              ],
              "prizeValueHint": null,
              "confidence": 0.6,
              "viaRedemption": false,
              "giftCard": null
            },
            {
              "brand": "Sara Lee",
              "url": "https://saralee.com.au/grocery-giveaway-tcs-australia/",
              "source": "Source: saralee.com.au (https://saralee.com.au/grocery-giveaway-tcs-australia/)",
              "title": "Grocery Giveaway T&#038;Cs Australia &#8211; Sara Lee",
              "headline": "Grocery Giveaway T&#038;Cs Australia",
              "type": "PRIZE",
              "heroCount": null,
              "totalWinners": null,
              "cadence": null,
              "prizeItems": [
                "data",
                "car",
                "tv",
                "gift card",
                "cash",
                "plan"
              ],
              "prizeValueHint": "$200",
              "confidence": 0.6,
              "viaRedemption": false,
              "giftCard": null
            },
            {
              "brand": "Sara Lee",
              "url": "https://winwithsaralee.com.au/images/Sara%20Lee%20Instant%20Win%20T&C's.pdf",
              "source": "Source: winwithsaralee.com.au (https://winwithsaralee.com.au/images/Sara%20Lee%20Instant%20Win%20T&C's.pdf)",
              "title": "Sara Lee Waffles 30k Giveaway Instant Win Promotion",
              "headline": "Winners will have their initials and state announced on the Sara Lee Promotional website at www.winwithsaralee.com by 30th October, 2024. 14. If ...",
              "type": "PRIZE",
              "heroCount": null,
              "totalWinners": null,
              "cadence": null,
              "prizeItems": [
                "tv"
              ],
              "prizeValueHint": "$222",
              "confidence": 0.6,
              "viaRedemption": false,
              "giftCard": null
            },
            {
              "brand": "Sara Lee",
              "url": "http://winwithsaralee.com.au/",
              "source": "Source: winwithsaralee.com.au (http://winwithsaralee.com.au/)",
              "title": "Sara Lee Waffles 30k Giveaway Instant Win Promotion",
              "headline": "The promotion commences on the 15/9/2024 at 0900 (AEST) and closes 27/10/2024 at 1700 (AEST). For full T&C's go to www.winwithsaralee.",
              "type": "PRIZE",
              "heroCount": null,
              "totalWinners": null,
              "cadence": "instant",
              "prizeItems": [
                "data",
                "car",
                "voucher",
                "tv"
              ],
              "prizeValueHint": null,
              "confidence": 0.6,
              "viaRedemption": false,
              "giftCard": null
            },
            {
              "brand": "Sara Lee",
              "url": "https://saralee.com.au/enter-for-your-chance-to-win-a-pair-of-sara-lee-socks-for-dad-terms-and-conditions-2/",
              "source": "Source: saralee.com.au (https://saralee.com.au/enter-for-your-chance-to-win-a-pair-of-sara-lee-socks-for-dad-terms-and-conditions-2/)",
              "title": "Enter for your chance to WIN a pair of Sara Lee socks for Dad! Terms and Conditions &#8211; Sara Lee",
              "headline": "Enter for your chance to WIN a pair of Sara Lee socks for Dad! Terms and Conditions",
              "type": "PRIZE",
              "heroCount": 25,
              "totalWinners": 25,
              "cadence": null,
              "prizeItems": [
                "data",
                "car",
                "tv",
                "cash",
                "plan"
              ],
              "prizeValueHint": "$30",
              "confidence": 0.6,
              "viaRedemption": false,
              "giftCard": null
            },
            {
              "brand": "Sara Lee",
              "url": "https://saralee.com.au/enter-for-your-chance-to-win-a-kitchenaid-mixer/",
              "source": "Source: saralee.com.au (https://saralee.com.au/enter-for-your-chance-to-win-a-kitchenaid-mixer/)",
              "title": "Enter for your chance to WIN a KitchenAid Mixer! &#8211; Sara Lee",
              "headline": "Enter for your chance to WIN a KitchenAid Mixer!",
              "type": "PRIZE",
              "heroCount": null,
              "totalWinners": null,
              "cadence": null,
              "prizeItems": [
                "data",
                "car",
                "tv",
                "plan",
                "trip"
              ],
              "prizeValueHint": null,
              "confidence": 0.6,
              "viaRedemption": false,
              "giftCard": null
            },
            {
              "brand": "TUFFSTREETERS",
              "url": "https://tuffstreeters.com.au/",
              "source": "Source: tuffstreeters.com.au (https://tuffstreeters.com.au/)",
              "title": "Home - Tuff Streeters",
              "headline": "We Are Tuff Streeters",
              "type": "PRIZE",
              "heroCount": null,
              "totalWinners": null,
              "cadence": "weekly",
              "prizeItems": [
                "car",
                "data",
                "cash",
                "trip"
              ],
              "prizeValueHint": "$100",
              "confidence": 0.6,
              "viaRedemption": false,
              "giftCard": null
            },
            {
              "brand": "LINKT",
              "url": "https://www.linkt.com.au/campaigns/driveaway/sydney",
              "source": "Source: linkt.com.au (https://www.linkt.com.au/campaigns/driveaway/sydney)",
              "title": "Pardon Our Interruption",
              "headline": "Pardon Our Interruption",
              "type": "PRIZE",
              "heroCount": null,
              "totalWinners": null,
              "cadence": null,
              "prizeItems": [],
              "prizeValueHint": null,
              "confidence": 0.6,
              "viaRedemption": false,
              "giftCard": null
            },
            {
              "brand": "YOURTOWN",
              "url": "https://www.yourtown.com.au/",
              "source": "Source: yourtown.com.au (https://www.yourtown.com.au/)",
              "title": "yourtown | Art Union & Community Services | Prize Homes",
              "headline": "Every young person deserves a chance to thrive",
              "type": "PRIZE",
              "heroCount": null,
              "totalWinners": null,
              "cadence": null,
              "prizeItems": [
                "car",
                "data",
                "tv"
              ],
              "prizeValueHint": null,
              "confidence": 0.6,
              "viaRedemption": false,
              "giftCard": null
            },
            {
              "brand": "RAFFLETIX",
              "url": "https://www.raffletix.com.au/raffles",
              "source": "Source: raffletix.com.au (https://www.raffletix.com.au/raffles)",
              "title": "Live raffles",
              "headline": "Live raffles",
              "type": "PRIZE",
              "heroCount": null,
              "totalWinners": null,
              "cadence": null,
              "prizeItems": [
                "tv",
                "data",
                "car"
              ],
              "prizeValueHint": null,
              "confidence": 0.6,
              "viaRedemption": false,
              "giftCard": null
            },
            {
              "brand": "MOTORCULTUREAUSTRALIA",
              "url": "https://www.motorcultureaustralia.com/current-giveaways/",
              "source": "Source: motorcultureaustralia.com (https://www.motorcultureaustralia.com/current-giveaways/)",
              "title": "Current Giveaways &#8211; Motor Culture Australia",
              "headline": "1 DAY ONLY! Mercedes AMG C63S ¬∑ 1 WEEK ONLY: Brand New INEOS Grenadier ¬∑ 1 DAY ONLY: $100,000 Cash Giveaway ¬∑ 2023 Honda Civic Type R ¬∑ 1 Week Only: Brand New 2024 ...",
              "type": "PRIZE",
              "heroCount": null,
              "totalWinners": null,
              "cadence": null,
              "prizeItems": [
                "data",
                "car",
                "cash",
                "trip"
              ],
              "prizeValueHint": "$100,000",
              "confidence": 0.6,
              "viaRedemption": false,
              "giftCard": null
            },
            {
              "brand": "RSREWARDS",
              "url": "https://rsrewards.com.au/competition",
              "source": "Source: rsrewards.com.au (https://rsrewards.com.au/competition)",
              "title": "RS Rewards - Australia's Best Rewards Club",
              "headline": "Join RS Rewards for monthly prize draws and exclusive competitions. Win amazing prizes including cash, gift cards, and more. Enter our monthly raffles ...",
              "type": "PRIZE",
              "heroCount": null,
              "totalWinners": null,
              "cadence": "weekly",
              "prizeItems": [
                "cash",
                "gift card",
                "car",
                "trip",
                "data",
                "plan",
                "plans"
              ],
              "prizeValueHint": "$20",
              "confidence": 0.6,
              "viaRedemption": false,
              "giftCard": null
            },
            {
              "brand": "REDBULL",
              "url": "https://www.redbull.com/au-en/events/red-bull-dance-your-style-national-finals-australia",
              "source": "Source: redbull.com (https://www.redbull.com/au-en/events/red-bull-dance-your-style-national-finals-australia)",
              "title": "Red Bull Dance Your Style Final Australia 2025",
              "headline": "Red Bull Dance Your Style is a 1v1 Street Dance battle competition where Australia's best street dancers dance to unpredictable music hits and the crowd ...",
              "type": "PRIZE",
              "heroCount": null,
              "totalWinners": null,
              "cadence": null,
              "prizeItems": [
                "data",
                "car"
              ],
              "prizeValueHint": null,
              "confidence": 0.6,
              "viaRedemption": false,
              "giftCard": null
            },
            {
              "brand": "MASTERSOFCHOREOGRAPHY",
              "url": "https://www.mastersofchoreography.com/udo-australia",
              "source": "Source: mastersofchoreography.com (https://www.mastersofchoreography.com/udo-australia)",
              "title": "UDO AUSTRALIA | Masters Of Choreogra",
              "headline": "UDO Australia falls under the Masters of Choreography umbrella and is our National Street Dance competition which we have hosted since 2015.",
              "type": "PRIZE",
              "heroCount": null,
              "totalWinners": null,
              "cadence": null,
              "prizeItems": [
                "tv",
                "data",
                "car",
                "plans",
                "trip",
                "giftcard",
                "plan"
              ],
              "prizeValueHint": null,
              "confidence": 0.6,
              "viaRedemption": false,
              "giftCard": null
            },
            {
              "brand": "DARLINGHARBOUR",
              "url": "https://www.darlingharbour.com/whats-on/archive/events/beat-breakdown",
              "source": "Source: darlingharbour.com (https://www.darlingharbour.com/whats-on/archive/events/beat-breakdown)",
              "title": "Beat Breakdown - Battle it out at Sydney&#39;s 1v1 Street Dance Showdown in Darling Harbour | Darling Harbour",
              "headline": "Beat Breakdown",
              "type": "PRIZE",
              "heroCount": null,
              "totalWinners": null,
              "cadence": "weekly",
              "prizeItems": [
                "data",
                "car",
                "plan"
              ],
              "prizeValueHint": null,
              "confidence": 0.6,
              "viaRedemption": false,
              "giftCard": null
            },
            {
              "brand": "TRANSPORT",
              "url": "https://www.transport.nsw.gov.au/industry/cities-and-active-transport/cities-revitalisation-and-place/festival-of-place/creative-3",
              "source": "Source: transport.nsw.gov.au (https://www.transport.nsw.gov.au/industry/cities-and-active-transport/cities-revitalisation-and-place/festival-of-place/creative-3)",
              "title": "Public Space Ideas Competition | Transport for NSW",
              "headline": "The Ideas Competition aimed to shape a new conversation about public space in Sydney and was delivered in partnership with the Committee for Sydney.",
              "type": "PRIZE",
              "heroCount": null,
              "totalWinners": null,
              "cadence": null,
              "prizeItems": [
                "car",
                "data",
                "tv",
                "trip",
                "plan"
              ],
              "prizeValueHint": null,
              "confidence": 0.6,
              "viaRedemption": false,
              "giftCard": null
            },
            {
              "brand": "NUTELLA",
              "url": "https://www.nutella.com/au/en/xp/nutella-x-kinder-biscuits/faq/",
              "source": "Source: nutella.com (https://www.nutella.com/au/en/xp/nutella-x-kinder-biscuits/faq/)",
              "title": "Nutella x Kinder Biscuits promotion",
              "headline": "Frequently Asked Questions",
              "type": "PRIZE",
              "heroCount": null,
              "totalWinners": null,
              "cadence": "instant",
              "prizeItems": [
                "data",
                "gift card",
                "car"
              ],
              "prizeValueHint": "$100",
              "confidence": 0.6,
              "viaRedemption": false,
              "giftCard": null
            },
            {
              "brand": "KINDER",
              "url": "https://www.kinder.com/au/en/xp/kinderbuenosoundbreaks/term-conditions",
              "source": "Source: kinder.com (https://www.kinder.com/au/en/xp/kinderbuenosoundbreaks/term-conditions)",
              "title": "T&amp;C | Kinder Bueno Sound Breaks",
              "headline": "All provisional winners are subject to verification. Upon verification, winners will be sent their prize. Total prize pool. The total prize pool is AU$43,022.",
              "type": "PRIZE",
              "heroCount": 1,
              "totalWinners": null,
              "cadence": "daily",
              "prizeItems": [
                "data",
                "car",
                "holiday",
                "cash",
                "plan"
              ],
              "prizeValueHint": "$439",
              "confidence": 0.6,
              "viaRedemption": false,
              "giftCard": null
            },
            {
              "brand": "NUTELLA",
              "url": "https://www.nutella.com/au/en/xp/nutella-x-kinder-biscuits/winners/",
              "source": "Source: nutella.com (https://www.nutella.com/au/en/xp/nutella-x-kinder-biscuits/winners/)",
              "title": "Winners - Nutella",
              "headline": "Winners",
              "type": "PRIZE",
              "heroCount": null,
              "totalWinners": null,
              "cadence": null,
              "prizeItems": [
                "data",
                "gift card",
                "car"
              ],
              "prizeValueHint": "$10,000",
              "confidence": 0.6,
              "viaRedemption": false,
              "giftCard": null
            },
            {
              "brand": "KINDER",
              "url": "https://www.kinder.com/au/en/kinder-natoons-consumer-promotion-faq",
              "source": "Source: kinder.com (https://www.kinder.com/au/en/kinder-natoons-consumer-promotion-faq)",
              "title": "Kinder Natoons Consumer Promotion FAQ - Kinder Australia and New Zealand",
              "headline": "Kinder Natoons Consumer Promotion FAQ",
              "type": "PRIZE",
              "heroCount": null,
              "totalWinners": null,
              "cadence": "daily",
              "prizeItems": [
                "car",
                "data",
                "tv"
              ],
              "prizeValueHint": null,
              "confidence": 0.6,
              "viaRedemption": false,
              "giftCard": null
            },
            {
              "brand": "TCGPROMO",
              "url": "https://tcgpromo.com.au/au/en/xp/win/terms-lavazza/",
              "source": "Source: tcgpromo.com.au (https://tcgpromo.com.au/au/en/xp/win/terms-lavazza/)",
              "title": "Terms-Lavazza | Nutella¬†DeLonghi Promotion",
              "headline": "All draws will take place at 3:30pm AEST/AEDT (5:30pm NZDT) at Handling Matters Pty Ltd, Unit 40, 1-5 Thew Parade, Cromer NSW 2099 on the dates specified in the ...",
              "type": "PRIZE",
              "heroCount": 250,
              "totalWinners": null,
              "cadence": null,
              "prizeItems": [
                "data",
                "car",
                "gift card",
                "cash",
                "plan"
              ],
              "prizeValueHint": "$15",
              "confidence": 0.6,
              "viaRedemption": false,
              "giftCard": null
            },
            {
              "brand": "Woolworths",
              "url": "https://www.lottos.com.au/competitions/viewthreadlite.php?tid=672336",
              "source": "Source: lottos.com.au (https://www.lottos.com.au/competitions/viewthreadlite.php?tid=672336)",
              "title": "Verifying...",
              "headline": "The winner of the Major Prize Draw will win one (1) $10,000 EFTPOS Gift Card. Total prize pool. The total prize pool is AU$50,000. How many ...",
              "type": "PRIZE",
              "heroCount": null,
              "totalWinners": null,
              "cadence": null,
              "prizeItems": [
                "data"
              ],
              "prizeValueHint": null,
              "confidence": 0.6,
              "viaRedemption": false,
              "giftCard": null
            },
            {
              "brand": "KINDER",
              "url": "https://www.kinder.com/au/en/win",
              "source": "Source: kinder.com (https://www.kinder.com/au/en/win)",
              "title": "Win - Kinder Australia and New Zealand",
              "headline": "Enter for a chance to win 1 of 1500 Natoons Adventure Boards.",
              "type": "PRIZE",
              "heroCount": 150,
              "totalWinners": null,
              "cadence": null,
              "prizeItems": [
                "data",
                "car"
              ],
              "prizeValueHint": null,
              "confidence": 0.6,
              "viaRedemption": false,
              "giftCard": null
            },
            {
              "brand": "AP-SOUTHEAST-2",
              "url": "https://ap-southeast-2.graphassets.com/AY4aDPEmTRrKdZ4jgHiscz/cmbr6yjzfyqw6072vyro8jeep",
              "source": "Source: ap-southeast-2.graphassets.com (https://ap-southeast-2.graphassets.com/AY4aDPEmTRrKdZ4jgHiscz/cmbr6yjzfyqw6072vyro8jeep)",
              "title": "PR240643 - Conversion - Nutella and Kinder Biscuits Promotion",
              "headline": "Entries open at 12:00am AEST on 16/07/25 and close at 11:59pm AEST on 26/08/25. (‚ÄúCompetition Period‚Äù). Who can enter?",
              "type": "PRIZE",
              "heroCount": null,
              "totalWinners": null,
              "cadence": null,
              "prizeItems": [
                "tv",
                "giftcard",
                "car"
              ],
              "prizeValueHint": "$79",
              "confidence": 0.6,
              "viaRedemption": false,
              "giftCard": null
            },
            {
              "brand": "FERRERO",
              "url": "https://www.ferrero.com/int/en/news-stories/news/tic-tac-launches-new-choose-your-match-campaign",
              "source": "Source: ferrero.com (https://www.ferrero.com/int/en/news-stories/news/tic-tac-launches-new-choose-your-match-campaign)",
              "title": "Tic Tac Launches &#039;Choose Your Match&#039; Campaign - Vote for the Next Limited-Edition Flavor | Ferrero",
              "headline": "Join Tic Tac's 'Choose Your Match' campaign and help decide the next limited-edition flavor! Explore new refreshing Tic Tac flavors, ...",
              "type": "PRIZE",
              "heroCount": null,
              "totalWinners": null,
              "cadence": null,
              "prizeItems": [
                "car",
                "plan",
                "data",
                "trip",
                "tv"
              ],
              "prizeValueHint": null,
              "confidence": 0.6,
              "viaRedemption": false,
              "giftCard": null
            },
            {
              "brand": "EMPORIUMSHOWBAGS",
              "url": "https://emporiumshowbags.com.au/terms-and-conditions/",
              "source": "Source: emporiumshowbags.com.au (https://emporiumshowbags.com.au/terms-and-conditions/)",
              "title": "Terms and Conditions | Emporium Showbags",
              "headline": "Winners will be posted on @‚Äåemporiumshowbags Instagram stories at 7pm Wednesday 24th September 2025 AEDT. Winner will be contacted through our official ...",
              "type": "PRIZE",
              "heroCount": null,
              "totalWinners": null,
              "cadence": null,
              "prizeItems": [
                "data",
                "car",
                "cash",
                "gift card",
                "voucher",
                "tv"
              ],
              "prizeValueHint": "$500",
              "confidence": 0.6,
              "viaRedemption": false,
              "giftCard": null
            },
            {
              "brand": "Gelatissimo",
              "url": "https://gelatissimo.com.au/gelatissimo-marion-birthday-giveaway-tcs/",
              "source": "Source: gelatissimo.com.au (https://gelatissimo.com.au/gelatissimo-marion-birthday-giveaway-tcs/)",
              "title": "Gelatissimo Marion Birthday Giveaway T&amp;Cs - Gelatissimo",
              "headline": "Gelatissimo Marion Birthday Giveaway T&#038;Cs",
              "type": "PRIZE",
              "heroCount": null,
              "totalWinners": null,
              "cadence": "daily",
              "prizeItems": [
                "data",
                "car",
                "gift card",
                "cash",
                "tv"
              ],
              "prizeValueHint": "$500",
              "confidence": 0.6,
              "viaRedemption": false,
              "giftCard": null
            },
            {
              "brand": "GELATISSIMO",
              "url": "https://gelatissimo.com.au/social-competition-terms-conditions/",
              "source": "Source: gelatissimo.com.au (https://gelatissimo.com.au/social-competition-terms-conditions/)",
              "title": "Social Competitions - Terms &amp; Conditions - Gelatissimo",
              "headline": "Social Competitions &#8211; Terms &#038; Conditions",
              "type": "PRIZE",
              "heroCount": null,
              "totalWinners": null,
              "cadence": "daily",
              "prizeItems": [
                "data",
                "car",
                "gift card",
                "cash",
                "tv"
              ],
              "prizeValueHint": "$20",
              "confidence": 0.6,
              "viaRedemption": false,
              "giftCard": null
            },
            {
              "brand": "GELATISSIMO",
              "url": "https://gelatissimo.com.au/turtally-awesome-colouring-in-competition/",
              "source": "Source: gelatissimo.com.au (https://gelatissimo.com.au/turtally-awesome-colouring-in-competition/)",
              "title": "Turtally Awesome Colouring In Competition - Gelatissimo",
              "headline": "Turtally Awesome Colouring In Competition",
              "type": "PRIZE",
              "heroCount": 46,
              "totalWinners": null,
              "cadence": "daily",
              "prizeItems": [
                "data",
                "car",
                "cash",
                "plan",
                "gift card",
                "tv"
              ],
              "prizeValueHint": "$49",
              "confidence": 0.6,
              "viaRedemption": false,
              "giftCard": null
            },
            {
              "brand": "GELATISSIMO",
              "url": "https://gelatissimo.com.au/celebrate-mont-blanc-moccamaster-giveaway-tcs/",
              "source": "Source: gelatissimo.com.au (https://gelatissimo.com.au/celebrate-mont-blanc-moccamaster-giveaway-tcs/)",
              "title": "Celebrate Mont Blanc - Moccamaster Giveaway T&amp;Cs - Gelatissimo",
              "headline": "Celebrate Mont Blanc &#8211; Moccamaster Giveaway T&#038;Cs",
              "type": "PRIZE",
              "heroCount": null,
              "totalWinners": null,
              "cadence": "daily",
              "prizeItems": [
                "data",
                "car",
                "cash",
                "gift card",
                "tv"
              ],
              "prizeValueHint": "$600",
              "confidence": 0.6,
              "viaRedemption": false,
              "giftCard": null
            },
            {
              "brand": "Gelatissimo",
              "url": "https://gelatissimo.com.au/gelatissimo-x-transformers-one-merchandise-competition-terms-conditions/",
              "source": "Source: gelatissimo.com.au (https://gelatissimo.com.au/gelatissimo-x-transformers-one-merchandise-competition-terms-conditions/)",
              "title": "Gelatissimo x TRANSFORMERS ONE Merchandise Competition Terms &amp; Conditions - Gelatissimo",
              "headline": "Gelatissimo x TRANSFORMERS ONE Merchandise Competition Terms &#038; Conditions",
              "type": "PRIZE",
              "heroCount": 15,
              "totalWinners": null,
              "cadence": "daily",
              "prizeItems": [
                "data",
                "car",
                "cash",
                "plan",
                "gift card",
                "tv"
              ],
              "prizeValueHint": "$500",
              "confidence": 0.6,
              "viaRedemption": false,
              "giftCard": null
            }
          ]
        },
        "retailers": {
          "names": [
            "Coles",
            "Woolworths",
            "ALDI",
            "IGA",
            "7-Eleven",
            "IGA / Metcash",
            "Convenience chains (7-Eleven, NightOwl)"
          ],
          "facts": [
            {
              "claim": "Shop Wicked Sister Products Online ‚Äî Spend $20 in one transaction, scan your Flybuys and receive one bonus ... Coles Online - Hawthorn East, Victoria Australia 3123 ¬© Copyright Coles 2025 ...",
              "source": "Source: coles.com.au (https://www.coles.com.au/brands/wicked-sister-2243304464?srsltid=AfmBOorYQ8EpCARESOfggSYw6a0kH6Cd3I8WTHdJ2uPnxIgPwdEmQSyX)"
            },
            {
              "claim": "Shop Wicked Products Online ‚Äî Wicked Sister High Protein Chocolate Pudding | 170g. Wicked Sister High Protein Chocolate Pudding | 170g. $3.30. $1.94 per 100g.",
              "source": "Source: coles.com.au (https://www.coles.com.au/brands/wicked-209964905?srsltid=AfmBOortoQhVbLxDlHASP978vo60t2xIrbty54sQNgLP1XZNkHeuMoVj)"
            },
            {
              "claim": "Shop Wicked Sister Products Online ‚Äî Shop your way at Coles. Our range of Wicked Sister products at everyday low prices you know and trust. Shop online and get home delivery or click and ...",
              "source": "Source: coles.com.au (https://www.coles.com.au/brands/wicked-sister-2243304464?srsltid=AfmBOophw4pZ-ovAdz4Yo1Wu-oOmT-q36A_DguVvm1KJ1Y5teT7wiTKK)"
            },
            {
              "claim": "Browse Frozen Desserts ‚Äî Frozen Desserts ; Sara Lee Lemon Cheesecake | 410g ¬∑ $2.20 per 100g ; Sara Lee Frozen Chocolate Buttercake | 350g ¬∑ $2.57 per 100g ; Sara Lee ...",
              "source": "Source: coles.com.au (https://www.coles.com.au/browse/frozen/frozen-desserts?srsltid=AfmBOoqADk4B-Ru-b16VsUXkYkjrkoV-PHhDU49mf67OBdGP2in7EG7t)"
            },
            {
              "claim": "Browse Assorted Desserts ‚Äî Assorted Desserts ; Sara Lee Frozen Chocolate Buttercake | 350g ¬∑ $9.00. $2.57 per 100g ; Coles Finest Triple Chocolate Buche | 470g ¬∑ $18.00.",
              "source": "Source: coles.com.au (https://www.coles.com.au/browse/frozen/frozen-desserts/assorted-desserts?srsltid=AfmBOoqLhpCXuJ8382fayyc4PQ8RPG3OAm3owlAHdkMPjR1g9IWQL5_N)"
            },
            {
              "claim": "Browse Frozen ‚Äî Binggrae Samanco Dessert Sandwich 4 Pack. Frozen dessert with strawberry or red bean flavours. Shop Now.",
              "source": "Source: coles.com.au (https://www.coles.com.au/browse/frozen?srsltid=AfmBOooaZxqdFdACnLS3yFGQgsu_guylkITN7tX67HTQrC-MnBEEpot1)"
            },
            {
              "claim": "Browse Ice Cream ‚Äî Proud & Punch Coconuts For Mango Frozen Dessert 6 Pack | 450mL. Proud & Punch Coconuts For Mango Frozen Dessert 6 Pack | 450mL. $4.25.",
              "source": "Source: coles.com.au (https://www.coles.com.au/browse/frozen/ice-cream?srsltid=AfmBOopKVUD0tKALr3q2cigrPI24lPrC5JUNTGfeZWP0tHdIiJ964h_W)"
            },
            {
              "claim": "Browse Cakes & Cheesecakes ‚Äî Sara Lee Lemon Cheesecake | 410g ¬∑ $2.20 per 100g ; Sara Lee Frozen Chocolate Buttercake | 350g ¬∑ $2.57 per 100g ; Sara Lee Frozen Chocolate ...",
              "source": "Source: coles.com.au (https://www.coles.com.au/browse/frozen/frozen-desserts/cakes-cheesecakes?srsltid=AfmBOoqRuWbhAPkO3Sbtpqm1KvK3E9gS8F9j4TO18tYXyN36IOJMwGxq)"
            }
          ]
        },
        "season": {
          "label": "Spring in Australia",
          "facts": []
        },
        "market": {
          "facts": [
            {
              "claim": "Bridging the gap: Trends and challenges in grocery and retail ‚Äî With consumers increasingly seeking convenience, food-to-go and meal solutions are becoming increasingly popular. While many grocery retailers ...",
              "source": "Source: retail.org.au (https://www.retail.org.au/news-and-insights/bridging-the-gap-trends-and-challenges-in-grocery-and-retail)"
            },
            {
              "claim": "Supermarkets and Grocery Stores in Australia ‚Äî Trends and Insights ¬∑ ACCC's supermarket inquiry has highlighted key industry dynamics. ¬∑ Changing consumer trends are causing a shift in store product mixes.",
              "source": "Source: ibisworld.com (https://www.ibisworld.com/australia/industry/supermarkets-and-grocery-stores/1834/)"
            },
            {
              "claim": "Australian Retail Outlook 2025 ‚Äî Retail sector trends and insights for 2025, including digital evolution, customer experience, sustainability and supply chain optimisation.",
              "source": "Source: kpmg.com (https://kpmg.com/au/en/insights/industry/australian-retail-outlook.html)"
            },
            {
              "claim": "People infer better odds when many winners are visible; cadence visibility (e.g., daily awards) increases perceived fairness.",
              "source": "Source: indicative (behavioural marketing literature)"
            }
          ]
        },
        "signals": {
          "facts": [
            {
              "claim": "Client: Wicked Sister",
              "source": "Source: brief"
            },
            {
              "claim": "Brand: Wicked Sister",
              "source": "Source: brief"
            },
            {
              "claim": "Campaign objective: Drive two-pack purchases and capture opted-in dessert fans before the Wicked film release.",
              "source": "Source: brief"
            },
            {
              "claim": "Promotion type: INSTANT_WIN",
              "source": "Source: brief"
            },
            {
              "claim": "Mechanic: Buy 2 products, upload receipts and discover instantly if you‚Äôve scored a movie ticket.",
              "source": "Source: brief"
            },
            {
              "claim": "Hook: Win a Movie Ticket Instantly",
              "source": "Source: brief"
            },
            {
              "claim": "Channels: In-store",
              "source": "Source: brief"
            },
            {
              "claim": "Channels: Social",
              "source": "Source: brief"
            },
            {
              "claim": "Channels: Digital",
              "source": "Source: brief"
            },
            {
              "claim": "Channels: Influencer",
              "source": "Source: brief"
            },
            {
              "claim": "Channels: Retail Media",
              "source": "Source: brief"
            },
            {
              "claim": "Channels: GROCERY",
              "source": "Source: brief"
            },
            {
              "claim": "Channels: CONVENIENCE",
              "source": "Source: brief"
            },
            {
              "claim": "Season/theme: Spring",
              "source": "Source: brief"
            },
            {
              "claim": "Staff burden: ZERO",
              "source": "Source: brief"
            },
            {
              "claim": "Proof requirement: FULL_RECEIPT",
              "source": "Source: brief"
            },
            {
              "claim": "Entry mechanic cues: Win a Movie Ticket Instantly",
              "source": "Source: brief"
            },
            {
              "claim": "Entry mechanic cues: Buy 2 products, upload receipts and discover instantly if you‚Äôve scored a movie ticket.",
              "source": "Source: brief"
            },
            {
              "claim": "Campaign title: Spring Movie Launch",
              "source": "Source: brief"
            },
            {
              "claim": "IP tie-in briefed (licensed): Wicked ‚Äî For Good | type: FILM | window: November 2025.",
              "source": "Source: brief"
            },
            {
              "claim": "Recent promos show hero prize counts clustering around ~35.5 (mode ‚âà 1).",
              "source": "Source: indicative (live promo scan)"
            },
            {
              "claim": "Cadence cues common in-market: instant & weekly & daily.",
              "source": "Source: indicative (live promo scan)"
            }
          ]
        },
        "benchmarks": {
          "heroPrize": {
            "median": 35.5,
            "mode": 1
          },
          "cadenceShare": {
            "instant": 0.3529411764705883,
            "weekly": 0.2352941176470588,
            "daily": 0.4117647058823529
          },
          "manyWinnersShare": 0,
          "prizeCountsObserved": {
            "total": 10,
            "common": [
              {
                "count": 1,
                "share": 0.2
              },
              {
                "count": 150,
                "share": 0.2
              },
              {
                "count": 3,
                "share": 0.1
              }
            ]
          },
          "recommendedHeroCount": 3,
          "positionVsMarket": "UNKNOWN"
        },
        "meta": {
          "level": "MAX",
          "warnings": [],
          "usedFallbacks": [],
          "searchProvider": "serper",
          "logs": [
            "search:serper:The Wicked Sisters shopper promotion AU -> 6",
            "search:serper:The Wicked Sisters Coles promotion AU -> 6",
            "search:serper:Frozen dessert Australia market trend -> 6",
            "search:serper:Australia grocery & convenience retail trends -> 6",
            "search:serper:The Wicked Sisters shopper insights AU -> 6",
            "search:serper:Frozen dessert promotion Australia -> 6",
            "search:serper:The Wicked Sisters consumer insights AU -> 6",
            "search:serper:The Wicked Sisters consumer research AU -> 6",
            "search:serper:The Wicked Sisters Coles activation Australia -> 6",
            "search:serper:Frozen dessert category growth Australia -> 6",
            "search:serper:The Wicked Sisters brand campaign AU -> 6",
            "search:serper:The Wicked Sisters buyer insight AU -> 6",
            "search:serper:The Wicked Sisters Coles buyer pitch -> 6",
            "search:serper:The Wicked Sisters market share AU -> 6",
            "search:serper:The Wicked Sisters audience profile Australia -> 6",
            "search:serper:The Wicked Sisters Drive two-pack purchases and capture opted-in dessert fans before the Wicked film release. promotion AU -> 6",
            "search:serper:The Wicked Sisters Coles range review -> 6",
            "search:serper:The Wicked Sisters category performance AU -> 6",
            "search:serper:Primary grocery buyers shopper insights AU -> 6",
            "search:serper:The Wicked Sisters Coles case study -> 6",
            "search:serper:The Wicked Sisters Win a Movie Ticket Instantly promotion AU -> 6",
            "search:serper:The Wicked Sisters sales growth AU -> 6",
            "search:serper:Primary grocery buyers promotion response AU -> 6",
            "search:serper:The Wicked Sisters Woolworths promotion AU -> 6",
            "search:serper:The Wicked Sisters Buy 2 products, upload receipts and discover instantly if you‚Äôve scored a movie ticket. promotion AU -> 6",
            "search:serper:The Wicked Sisters Woolworths activation Australia -> 6",
            "search:serper:The Wicked Sisters Australia -> 6",
            "search:serper:They reward the family with purposeful treats that feel magical but still practical. shopper insights AU -> 6",
            "search:serper:The Wicked Sisters prize draw Australia -> 6",
            "search:serper:The Wicked Sisters Woolworths buyer pitch -> 6",
            "search:serper:They reward the family with purposeful treats that feel magical but still practical. promotion response AU -> 6",
            "search:serper:Plans movie nights, shares dessert finds on social, responds to retailer app notifications. shopper insights AU -> 6",
            "search:serper:The Wicked Sisters Woolworths range review -> 6",
            "search:serper:The Wicked Sisters Woolworths case study -> 6",
            "search:serper:Plans movie nights, shares dessert finds on social, responds to retailer app notifications. promotion response AU -> 6",
            "search:serper:In-store shopper behaviour AU -> 6",
            "search:serper:The Wicked Sisters ALDI promotion AU -> 6",
            "search:serper:The Wicked Sisters ALDI activation Australia -> 6",
            "search:serper:Social shopper behaviour AU -> 6",
            "search:serper:The Wicked Sisters ALDI buyer pitch -> 6",
            "search:serper:Digital shopper behaviour AU -> 6",
            "search:serper:Influencer shopper behaviour AU -> 6",
            "search:serper:The Wicked Sisters ALDI range review -> 6",
            "search:serper:The Wicked Sisters ALDI case study -> 6",
            "search:serper:Australia grocery shopper promotion trends -> 6",
            "search:serper:The Wicked Sisters IGA promotion AU -> 6",
            "search:serper:front-of-store impulse purchase research Australia -> 6",
            "search:serper:The Wicked Sisters IGA activation Australia -> 6",
            "search:serper:AU retail promotional response study -> 6",
            "search:serper:The Wicked Sisters IGA buyer pitch -> 6",
            "search:serper:The Wicked Sisters IGA range review -> 6",
            "search:serper:The Wicked Sisters IGA case study -> 6",
            "search:serper:The Wicked Sisters 7-Eleven promotion AU -> 6",
            "search:serper:The Wicked Sisters 7-Eleven activation Australia -> 6",
            "search:serper:The Wicked Sisters 7-Eleven buyer pitch -> 6",
            "search:serper:The Wicked Sisters 7-Eleven range review -> 6",
            "search:serper:The Wicked Sisters 7-Eleven case study -> 6",
            "search:serper:The Wicked Sisters IGA / Metcash promotion AU -> 6",
            "search:serper:The Wicked Sisters IGA / Metcash activation Australia -> 6",
            "search:serper:The Wicked Sisters IGA / Metcash buyer pitch -> 2",
            "search:serper:The Wicked Sisters IGA / Metcash range review -> 6",
            "search:serper:The Wicked Sisters IGA / Metcash case study -> 6",
            "search:serper:The Wicked Sisters Convenience chains (7-Eleven, NightOwl) promotion AU -> 6",
            "search:serper:The Wicked Sisters Convenience chains (7-Eleven, NightOwl) activation Australia -> 6",
            "search:serper:The Wicked Sisters Convenience chains (7-Eleven, NightOwl) buyer pitch -> 6",
            "search:serper:The Wicked Sisters Convenience chains (7-Eleven, NightOwl) range review -> 6",
            "search:serper:The Wicked Sisters Convenience chains (7-Eleven, NightOwl) case study -> 6",
            "search:serper:The Wicked Sisters ranging Australia -> 6",
            "search:serper:The Wicked Sisters retail buyer feedback -> 6",
            "search:serper:The Wicked Sisters supermarket partnership Australia -> 6",
            "search:serper:Coles freezer space Frozen dessert AU -> 5",
            "search:serper:Frozen dessert treat cost of living AU -> 5",
            "search:serper:Coles range review Frozen dessert AU -> 5",
            "search:serper:Frozen dessert grocery budget indulgence AU -> 5",
            "search:serper:Coles shelf space competition Frozen dessert -> 5",
            "search:serper:Frozen dessert family dessert sharing insight -> 5",
            "search:serper:Woolworths freezer space Frozen dessert AU -> 5",
            "search:serper:Frozen dessert shopper mum buying for family -> 5",
            "search:serper:Woolworths range review Frozen dessert AU -> 5",
            "search:serper:Woolworths shelf space competition Frozen dessert -> 5",
            "search:serper:Frozen dessert affordable luxury Australia -> 5",
            "search:serper:ALDI freezer space Frozen dessert AU -> 5",
            "search:serper:cost of living grocery treat australia -> 5",
            "search:serper:ALDI range review Frozen dessert AU -> 5",
            "search:serper:grocery buyer vs eater insight australia -> 5",
            "search:serper:The Wicked Sisters shopper insight australia -> 5",
            "search:serper:ALDI shelf space competition Frozen dessert -> 5",
            "search:serper:The Wicked Sisters cost of living -> 5",
            "search:serper:IGA freezer space Frozen dessert AU -> 5",
            "search:serper:The Wicked Sisters treat mom insight -> 5",
            "search:serper:IGA range review Frozen dessert AU -> 5",
            "search:serper:IGA shelf space competition Frozen dessert -> 5",
            "search:serper:7-Eleven freezer space Frozen dessert AU -> 5",
            "search:serper:7-Eleven range review Frozen dessert AU -> 5",
            "search:serper:7-Eleven shelf space competition Frozen dessert -> 5",
            "search:serper:IGA / Metcash freezer space Frozen dessert AU -> 5",
            "search:serper:IGA / Metcash range review Frozen dessert AU -> 5",
            "search:serper:IGA / Metcash shelf space competition Frozen dessert -> 5",
            "search:serper:The Wicked Sisters Coles ranging -> 5",
            "search:serper:The Wicked Sisters Woolworths range -> 5",
            "search:serper:The Wicked Sisters freezer facings Australia -> 5",
            "search:serper:Frozen dessert freezer space Australia -> 5",
            "search:serper:Frozen dessert shelf share supermarket -> 5",
            "search:serper:Frozen dessert private label competition Australia -> 5",
            "search:serper:Frozen dessert range review Coles -> 5",
            "search:serper:Frozen dessert range review Woolworths -> 5",
            "search:serper:Frozen dessert independent grocer freezer -> 5",
            "search:serper:Rokeby Farms freezer space Coles -> 5",
            "search:serper:Rokeby Farms Woolworths freezer -> 5",
            "search:serper:Priestley‚Äôs Gourmet Delights freezer space Coles -> 5",
            "search:serper:Priestley‚Äôs Gourmet Delights Woolworths freezer -> 5",
            "search:serper:Jillian's Cakery freezer space Coles -> 5",
            "search:serper:Rokeby Farms promotion AU -> 6",
            "search:serper:Rokeby Farms competition AU -> 6",
            "search:serper:Priestley‚Äôs Gourmet Delights promotion AU -> 6",
            "search:serper:Priestley‚Äôs Gourmet Delights competition AU -> 6",
            "search:serper:Jillian's Cakery promotion AU -> 6",
            "search:serper:Jillian's Cakery competition AU -> 6",
            "search:serper:Belle Fleur promotion AU -> 6",
            "search:serper:Belle Fleur competition AU -> 6",
            "search:serper:Beak & Johnston promotion AU -> 6",
            "search:serper:Beak & Johnston competition AU -> 6",
            "search:serper:Carman's promotion AU -> 6",
            "search:serper:Carman's competition AU -> 6",
            "search:serper:Pauls PLUS+ promotion AU -> 6",
            "search:serper:Pauls PLUS+ competition AU -> 6",
            "search:serper:Chobani promotion AU -> 6",
            "search:serper:Chobani competition AU -> 6",
            "search:serper:Rokeby Farms brand overview AU -> 6",
            "search:serper:Rokeby Farms chilled dessert brand Australia -> 6",
            "search:serper:Rokeby Farms shopper insight AU -> 6",
            "search:serper:Rokeby Farms retail distribution Australia -> 6",
            "search:serper:The Wicked Sisters vs Rokeby Farms -> 6",
            "search:serper:The Wicked Sisters and Rokeby Farms market share -> 6",
            "search:serper:The Wicked Sisters Rokeby Farms comparison Australia -> 6",
            "search:serper:Priestley‚Äôs Gourmet Delights brand overview AU -> 6",
            "search:serper:Priestley‚Äôs Gourmet Delights chilled dessert brand Australia -> 6",
            "search:serper:Priestley‚Äôs Gourmet Delights shopper insight AU -> 6",
            "search:serper:Priestley‚Äôs Gourmet Delights retail distribution Australia -> 6",
            "search:serper:The Wicked Sisters vs Priestley‚Äôs Gourmet Delights -> 6",
            "search:serper:The Wicked Sisters and Priestley‚Äôs Gourmet Delights market share -> 6",
            "search:serper:The Wicked Sisters Priestley‚Äôs Gourmet Delights comparison Australia -> 6",
            "search:serper:Jillian's Cakery brand overview AU -> 6",
            "search:serper:Jillian's Cakery chilled dessert brand Australia -> 6",
            "search:serper:Jillian's Cakery shopper insight AU -> 6",
            "search:serper:Jillian's Cakery retail distribution Australia -> 6",
            "search:serper:The Wicked Sisters vs Jillian's Cakery -> 6",
            "search:serper:The Wicked Sisters and Jillian's Cakery market share -> 6",
            "search:serper:The Wicked Sisters Jillian's Cakery comparison Australia -> 6",
            "search:serper:Belle Fleur brand overview AU -> 6",
            "search:serper:Belle Fleur chilled dessert brand Australia -> 6",
            "search:serper:Belle Fleur shopper insight AU -> 6",
            "search:serper:Belle Fleur retail distribution Australia -> 6",
            "search:serper:The Wicked Sisters vs Belle Fleur -> 6",
            "search:serper:The Wicked Sisters and Belle Fleur market share -> 6",
            "search:serper:The Wicked Sisters Belle Fleur comparison Australia -> 6",
            "search:serper:Beak & Johnston brand overview AU -> 6",
            "search:serper:Beak & Johnston chilled dessert brand Australia -> 6",
            "search:serper:Beak & Johnston shopper insight AU -> 6",
            "search:serper:Beak & Johnston retail distribution Australia -> 6",
            "search:serper:The Wicked Sisters vs Beak & Johnston -> 6",
            "search:serper:The Wicked Sisters and Beak & Johnston market share -> 6",
            "search:serper:The Wicked Sisters Beak & Johnston comparison Australia -> 6",
            "search:serper:Carman's brand overview AU -> 6",
            "search:serper:Carman's chilled dessert brand Australia -> 6",
            "search:serper:Carman's shopper insight AU -> 6",
            "search:serper:Carman's retail distribution Australia -> 6",
            "search:serper:The Wicked Sisters vs Carman's -> 6",
            "search:serper:The Wicked Sisters and Carman's market share -> 6",
            "search:serper:The Wicked Sisters Carman's comparison Australia -> 6",
            "search:serper:Pauls PLUS+ brand overview AU -> 6",
            "search:serper:Pauls PLUS+ chilled dessert brand Australia -> 6",
            "search:serper:Pauls PLUS+ shopper insight AU -> 6",
            "search:serper:Pauls PLUS+ retail distribution Australia -> 6",
            "search:serper:The Wicked Sisters vs Pauls PLUS+ -> 6",
            "search:serper:The Wicked Sisters and Pauls PLUS+ market share -> 6",
            "editorial:success",
            "catType=GENERIC",
            "liquorSub=UNKNOWN",
            "assured=false",
            "promos_collected=83",
            "benchmarks={\"heroPrize\":{\"median\":35.5,\"mode\":1},\"cadenceShare\":{\"instant\":0.35294117647058826,\"weekly\":0.23529411764705882,\"daily\":0.4117647058823529},\"manyWinnersShare\":0,\"prizeCountsObserved\":{\"total\":10,\"common\":[{\"count\":1,\"share\":0.2},{\"count\":150,\"share\":0.2},{\"count\":3,\"share\":0.1}]},\"recommendedHeroCount\":3,\"positionVsMarket\":\"UNKNOWN\"}"
          ],
          "cachedAt": "2025-11-01T07:36:39.136Z"
        },
        "insights": {
          "brand": [
            {
              "text": "Wicked Sister x Wicked ‚Äî Purchase any two packs of Wicked Sister Products for your chance to instantly win a movie ticket!",
              "source": "wickedsisterwin.com.au"
            },
            {
              "text": "FAQs - Wicked Sister x Wicked ‚Äî Buy any 2 packs of Wicked Sister products in one transaction from a Woolworths store during the Woolworths Exclusive promotion period. Then go ...",
              "source": "wickedsisterwin.com.au"
            },
            {
              "text": "Wicked Sister: Home Page ‚Äî Enjoy wickedly delicious desserts designed for everyday indulgence by Wicked Sister. Explore our wicked range, try recipes and find stockists here.",
              "source": "wickedsister.com.au"
            }
          ],
          "audience": [
            {
              "text": "Wicked Sister goes 'For Good' with new Wicked-inspired ... ‚Äî Chilled dessert brand Wicked Sister has launched limited-edition dessert pots inspired by Wicked: For Good film set to premiere next month.",
              "source": "insidefmcg.com.au"
            },
            {
              "text": "Paul Polly from Wicked Sister | Determined to succeed ‚Äî This is the story of Paul Polly and Wicked Sister desserts. Learn how he went from one pot to a $12 million factory.",
              "source": "nab.com.au"
            },
            {
              "text": "Wicked Sister bulks up protein pudding pack size ‚Äî With 15 grams of protein per serving and available in chocolate, strawberry, banana, along with a new vanilla flavour, these join the wider 170 ...",
              "source": "foodanddrinkbusiness.com.au"
            }
          ],
          "retailers": [
            {
              "text": "Shop Wicked Sister Products Online ‚Äî Spend $20 in one transaction, scan your Flybuys and receive one bonus ... Coles Online - Hawthorn East, Victoria Australia 3123 ¬© Copyright Coles 2025 ...",
              "source": "coles.com.au"
            },
            {
              "text": "Shop Wicked Products Online ‚Äî Wicked Sister High Protein Chocolate Pudding | 170g. Wicked Sister High Protein Chocolate Pudding | 170g. $3.30. $1.94 per 100g.",
              "source": "coles.com.au"
            },
            {
              "text": "Shop Wicked Sister Products Online ‚Äî Shop your way at Coles. Our range of Wicked Sister products at everyday low prices you know and trust. Shop online and get home delivery or click and ...",
              "source": "coles.com.au"
            },
            {
              "text": "Browse Frozen Desserts ‚Äî Frozen Desserts ; Sara Lee Lemon Cheesecake | 410g ¬∑ $2.20 per 100g ; Sara Lee Frozen Chocolate Buttercake | 350g ¬∑ $2.57 per 100g ; Sara Lee ...",
              "source": "coles.com.au"
            }
          ],
          "market": [
            {
              "text": "Bridging the gap: Trends and challenges in grocery and retail ‚Äî With consumers increasingly seeking convenience, food-to-go and meal solutions are becoming increasingly popular. While many grocery retailers ...",
              "source": "retail.org.au"
            },
            {
              "text": "Supermarkets and Grocery Stores in Australia ‚Äî Trends and Insights ¬∑ ACCC's supermarket inquiry has highlighted key industry dynamics. ¬∑ Changing consumer trends are causing a shift in store product mixes.",
              "source": "ibisworld.com"
            },
            {
              "text": "Australian Retail Outlook 2025 ‚Äî Retail sector trends and insights for 2025, including digital evolution, customer experience, sustainability and supply chain optimisation.",
              "source": "kpmg.com"
            }
          ],
          "signals": [
            {
              "text": "Client: Wicked Sister",
              "source": "brief"
            },
            {
              "text": "Brand: Wicked Sister",
              "source": "brief"
            },
            {
              "text": "Campaign objective: Drive two-pack purchases and capture opted-in dessert fans before the Wicked film release.",
              "source": "brief"
            },
            {
              "text": "Promotion type: INSTANT_WIN",
              "source": "brief"
            }
          ],
          "competitors": [
            {
              "text": "Brief competitor: Streets",
              "source": "brief"
            },
            {
              "text": "Rokeby Farms Chocolate Protein Smoothie 6 x 425ml ‚Äî Rokeby Farms Chocolate Protein Smoothie 6 x 425ml is a protein drink providing all 9 essential amino acids while providing sustained energy and fullness.",
              "source": "costco.com.au"
            },
            {
              "text": "Rokeby Farms ‚Äî All Rokeby Farms products are now available with Subscribe & Save ¬∑ Enjoy 5% off on every recurring order!",
              "source": "bulkeatswarehouse.com.au"
            },
            {
              "text": "Rokeby Nutrition ‚Äî Rokeby is a nutrition food company based in Melbourne. We make a range of award-winning dairy products to enjoy as part of a healthy lifestyle.",
              "source": "rokebynutrition.com"
            }
          ]
        },
        "dossier": {
          "brandTruths": [
            {
              "text": "Wicked Sister is leveraging the excitement of the upcoming 'Wicked: For Good' film by launching a limited-edition dessert pot range, aiming to drive consumer engagement through a movie-themed promotion.",
              "source": "insidefmcg.com.au"
            },
            {
              "text": "The brand's promotion offers an instant win mechanic, where purchasing two packs of Wicked Sister products gives consumers a chance to win movie tickets, effectively incentivizing multi-pack purchases.",
              "source": "wickedsisterwin.com.au"
            }
          ],
          "shopperTensions": [
            {
              "text": "Consumers are increasingly seeking convenience and indulgence, yet face cost-of-living pressures that may limit discretionary spending on premium desserts.",
              "source": "retail.org.au"
            },
            {
              "text": "While Wicked Sister positions itself as an everyday indulgence, the need to balance health-conscious choices with indulgence may create tension for health-aware consumers.",
              "source": "wickedsister.com.au"
            }
          ],
          "retailerReality": [
            {
              "text": "Coles and Woolworths dominate the retail landscape, with exclusive promotions like the Wicked Sister x Wicked campaign running through Woolworths, highlighting the retailer's clout in driving brand visibility.",
              "source": "coles.com.au"
            },
            {
              "text": "Freezer congestion in major supermarkets can limit shelf space for new product launches, making strategic partnerships with retailers crucial for visibility.",
              "source": "woolworths.com.au"
            }
          ],
          "competitorMoves": [
            {
              "text": "Rokeby Farms is expanding its product range with high-protein offerings, appealing to health-conscious consumers and potentially diverting attention from indulgent dessert options.",
              "source": "rokebynutrition.com"
            },
            {
              "text": "Competitors like Streets continue to maintain strong market presence, emphasizing the need for Wicked Sister to differentiate through unique promotions and partnerships.",
              "source": "brief"
            }
          ],
          "categorySignals": [
            {
              "text": "The frozen desserts market is projected to grow significantly, with a CAGR of approximately 5.4% from 2024 to 2034, indicating a robust opportunity for brands like Wicked Sister to capture market share.",
              "source": "globalinsightservices.com"
            },
            {
              "text": "The Australian ice cream market is expected to grow at a slower pace, with a 1.51% CAGR, suggesting that innovation and unique marketing strategies will be key to driving growth in the frozen dessert segment.",
              "source": "expertmarketresearch.com.au"
            }
          ],
          "benchmarks": []
        }
      },
      "benchmarks": {
        "cashback": {
          "sample": 0,
          "typicalAbs": null,
          "maxAbs": null,
          "typicalPct": null,
          "maxPct": null,
          "p25": null,
          "p75": null,
          "sources": []
        },
        "prizeCountsObserved": {
          "total": 0,
          "common": []
        },
        "recommendedHeroCount": 3,
        "positionVsMarket": "UNKNOWN"
      },
      "priorOpinion": "The spring movie launch for Wicked Sister offers a chance to disrupt the frozen dessert market with a magical twist. This moment aligns perfectly with the upcoming Wicked: For Good film, capturing both the enchantment of cinema and the indulgence of desserts. As the market is set to grow at a 7.77% CAGR, seizing this opportunity can establish Wicked Sister as a category leader (Source: imarcgroup.com). Today, the plan works because it taps into the shopper‚Äôs desire for immediate gratification and shared experiences. The instant win mechanic aligns with the brand‚Äôs playful tone, while the film tie-in adds a layer of thematic magic. Retailers like Coles and Woolworths are primed for promotions that increase basket size without burdening staff (Source: coles.com.au). The cultural timing, with the film‚Äôs release, ensures heightened consumer interest and engagement. To improve, convert single movie tickets to double passes. This change enhances perceived value and emotional engagement, capitalizing on the film‚Äôs shared magic theme. Implement a daily winner cadence to maintain excitement and urgency, using digital channels to announce winners. This approach respects operational constraints and maximizes consumer touchpoints. The Strategist‚Äôs insight shows that a shared reward aligns with the cultural moment, increasing the promotion‚Äôs appeal. Retailers will appreciate the streamlined operations. No additional staff lift is reqred, as the digital-first approach ensures seamless integration. The buy-two mechanic promises increased basket size, defending freezer space against competitors like Streets and Sara Lee. The plan fits within current operational realities, ensuring retailer buy-in and support. To tighten, focus solely on the double pass upgrade. This pragmatic tweak maintains breadth while doubling emotional engagement, without altering store operations. For a stretch, introduce a hero overlay with grand prizes like a lury cinema experience. Fund this from the existing prize budget, adding aspiration without compromising the broad appeal. This bolder move enhances the fame overlay, aligning with the Wicked IP. ‚ÄúWin a Double Pass Instantly‚Äù ‚ÄúPurchase two, upload receipt, and win instantly.‚Äù",
      "priorImprovement": null,
      "dealbreakers": [
        "Entry is genuinely onerous (mail-in or multi-proof at first step). This will suppress trial."
      ],
      "ideationHarness": null
    },
    "offerIQ": {
      "score": 4.8,
      "verdict": "REVIEW",
      "confidence": 0.5,
      "lenses": {
        "adequacy": {
          "score": 4.5,
          "why": "Expected buyers/entries not provided; adequacy judged via cadence and visibility.",
          "fix": "Add: expected buyers/entries and total winners, or show ‚ÄúTotal winners‚Äù and cadence in communications."
        },
        "simplicity": {
          "score": 6.5,
          "why": "Some admin implied (fields/proof or wait time).",
          "fix": "Keep claim one-screen; limit fields; good OCR; publish timelines."
        },
        "certainty": {
          "score": 3.7,
          "why": "Perceived odds unclear; cadence thin.",
          "fix": "Show cadence and ‚ÄúTotal winners‚Äù; avoid fine print that hides odds."
        },
        "salience": {
          "score": 4,
          "why": "Needs a visible moment or total-winners headline.",
          "fix": "Publish ‚ÄúTotal winners‚Äù and name the cadence; add a bold moment line."
        },
        "talkability": {
          "score": 5,
          "why": "Seasonal hook helps.",
          "fix": "Add a brand-right experiential or symbolic angle."
        },
        "retailerFit": {
          "score": 6,
          "why": "Ensure any adjudication is central; ship pre-packed POS.",
          "fix": "Keep staff script ‚â§5s; no in-store adjudication."
        },
        "brandFit": {
          "score": 5,
          "why": "Feels generic; weak brand lock.",
          "fix": "Lock line and visuals to distinctive assets and the brand‚Äôs functional truth."
        }
      },
      "hardFlags": [],
      "recommendations": [
        "Add: expected buyers/entries and total winners, or show ‚ÄúTotal winners‚Äù and cadence in communications.",
        "Keep claim one-screen; limit fields; good OCR; publish timelines.",
        "Publish ‚ÄúTotal winners‚Äù and name the cadence; add a bold moment line.",
        "Publish ‚ÄúTotal winners‚Äù and show cadence prominently.",
        "Add visible cadence (instant or weekly) to match in-market fairness signals."
      ],
      "asks": [
        "Provide expected buyers/entries (range)."
      ],
      "mode": "PRIZE",
      "diagnostics": {
        "valueAmount": 0,
        "aspAnchor": 100,
        "expectedBuyers": null,
        "totalWinners": 2010,
        "coverageRate": null,
        "cadenceSignals": false,
        "symbolicSignals": false,
        "headlineMax": 0,
        "banded": false,
        "overlay": false,
        "overlayExperiential": false,
        "overlayLabel": "",
        "researchBenchmarks": {
          "heroPrize": {
            "median": 35.5,
            "mode": 1
          },
          "cadenceShare": {
            "instant": 0.3529411764705883,
            "weekly": 0.2352941176470588,
            "daily": 0.4117647058823529
          },
          "manyWinnersShare": 0,
          "prizeCountsObserved": {
            "total": 10,
            "common": [
              {
                "count": 1,
                "share": 0.2
              },
              {
                "count": 150,
                "share": 0.2
              },
              {
                "count": 3,
                "share": 0.1
              }
            ]
          },
          "recommendedHeroCount": 3,
          "positionVsMarket": "UNKNOWN"
        },
        "cashbackVsMarket": "UNKNOWN",
        "heroVsMarket": "UNKNOWN"
      }
    },
    "research": {
      "brand": {
        "query": "The Wicked Sisters",
        "summary": "The Wicked Sisters is a Russian fairy tale collected by Alexander Afanasyev in Narodnye russkie skazki.",
        "facts": [
          {
            "claim": "Wicked Sister x Wicked ‚Äî Purchase any two packs of Wicked Sister Products for your chance to instantly win a movie ticket!",
            "source": "Source: wickedsisterwin.com.au (https://wickedsisterwin.com.au/)"
          },
          {
            "claim": "FAQs - Wicked Sister x Wicked ‚Äî Buy any 2 packs of Wicked Sister products in one transaction from a Woolworths store during the Woolworths Exclusive promotion period. Then go ...",
            "source": "Source: wickedsisterwin.com.au (https://wickedsisterwin.com.au/faq)"
          },
          {
            "claim": "Wicked Sister: Home Page ‚Äî Enjoy wickedly delicious desserts designed for everyday indulgence by Wicked Sister. Explore our wicked range, try recipes and find stockists here.",
            "source": "Source: wickedsister.com.au (https://www.wickedsister.com.au/)"
          }
        ]
      },
      "audience": {
        "notes": "Primary grocery buyers ‚Ä¢ They reward the family with purposeful treats that feel magical but still practical. ‚Ä¢ Plans movie nights, shares dessert finds on social, responds to retailer app notifications.",
        "facts": [
          {
            "claim": "Wicked Sister goes 'For Good' with new Wicked-inspired ... ‚Äî Chilled dessert brand Wicked Sister has launched limited-edition dessert pots inspired by Wicked: For Good film set to premiere next month.",
            "source": "Source: insidefmcg.com.au (https://insidefmcg.com.au/2025/10/13/wicked-sister-goes-for-good-with-new-wicked-inspired-desserts/)"
          },
          {
            "claim": "Paul Polly from Wicked Sister | Determined to succeed ‚Äî This is the story of Paul Polly and Wicked Sister desserts. Learn how he went from one pot to a $12 million factory.",
            "source": "Source: nab.com.au (https://www.nab.com.au/business/small-business/moments/business-progress/wickedsister)"
          },
          {
            "claim": "Wicked Sister bulks up protein pudding pack size ‚Äî With 15 grams of protein per serving and available in chocolate, strawberry, banana, along with a new vanilla flavour, these join the wider 170 ...",
            "source": "Source: foodanddrinkbusiness.com.au (https://www.foodanddrinkbusiness.com.au/new-in-store/wicked-sister-bulks-up-protein-pudding-pack-size)"
          }
        ]
      },
      "category": {
        "query": "Frozen dessert",
        "summary": "Frozen dessert is a dessert made by freezing liquids, semi-solids, and sometimes solids. They may be based on flavored water, on fruit pur√©es, on milk and cream, on custard, on mousse (semifreddo), and others. It is sometimes sold as ice-cream in South Asia and other countries.",
        "facts": [
          {
            "claim": "Frozen dessert is a dessert made by freezing liquids, semi-solids, and sometimes solids. They may be based on flavored water, on fruit pur√©es, on milk and cream, on custard, on mousse (semifreddo), and others. It is sometimes sold as ice-cream in South Asia and other countries.",
            "source": "Source: Wikipedia ‚Äî Frozen dessert (https://en.wikipedia.org/wiki/Frozen%20dessert)"
          },
          {
            "claim": "Australia Ice Cream Market Share, Growth & Forecast 2030 ‚Äî The Australia Ice Cream Market is projected to witness a CAGR of 2.95% for the forecast period between 2023 and 2030.",
            "source": "Source: marketsandata.com (https://www.marketsandata.com/industry-reports/australia-ice-cream-market)"
          },
          {
            "claim": "Australia Ice Cream Market Share, Size, Growth Report ‚Äî The Australia ice cream market, valued at AUD 1407.35 million in 2024, is projected to grow at 1.51% CAGR, reaching AUD 1634.90 million by 2034.",
            "source": "Source: expertmarketresearch.com.au (https://www.expertmarketresearch.com.au/reports/australia-ice-cream-market)"
          },
          {
            "claim": "Frozen Desserts Market Size, Growth, Trends and Forecast ‚Äî Frozen Desserts Market is anticipated to expand from $112.9 billion in 2024 to $191.5 billion by 2034, growing at a CAGR of approximately 5.4%.",
            "source": "Source: globalinsightservices.com (https://www.globalinsightservices.com/reports/frozen-desserts-market/)"
          },
          {
            "claim": "Frozen Desserts ‚Äî Frozen Desserts ; $9.00. $2.40 / 100G. Sara Lee Chocolate Swirl Bavarian 375g. Promoted ; $7.20. $9.00 $2.00 / 100G. Sara Lee French Cream Cheesecake 360g. 4.5 / ...Read more",
            "source": "Source: woolworths.com.au (https://www.woolworths.com.au/shop/browse/freezer/frozen-desserts?srsltid=AfmBOor978BnhC9QQ7V61ixEDkNXooZBKeO_izpimvDYa_XMaM_pK2PV)"
          },
          {
            "claim": "Ice Cream Specials & Offers ‚Äî SAVE $1.90. $7.60. $9.50 $0.76 / 100ML. Sanitarium So Good Vanilla Bliss Frozen Dessert 1L. Add to cart. Save to list. 20% Off. SAVE $3.00. $12.00. $15.00 $2.53 ...Read more",
            "source": "Source: woolworths.com.au (https://www.woolworths.com.au/shop/browse/freezer/ice-cream/ice-cream-specials?srsltid=AfmBOopklJhi7Q-ODSy445CW1x4bWiwbCJfR-Bf19Nz6h5iPuw5p1RoP)"
          }
        ]
      },
      "competitors": {
        "names": [
          "Rokeby Farms",
          "Priestley‚Äôs Gourmet Delights",
          "Jillian's Cakery",
          "Belle Fleur",
          "Beak & Johnston",
          "Carman's",
          "Pauls PLUS+",
          "Chobani",
          "Sara Lee",
          "Streets",
          "Ferrero Australia",
          "Gelatissimo"
        ],
        "facts": [
          {
            "claim": "Brief competitor: Streets",
            "source": "Source: brief"
          },
          {
            "claim": "Rokeby Farms Chocolate Protein Smoothie 6 x 425ml ‚Äî Rokeby Farms Chocolate Protein Smoothie 6 x 425ml is a protein drink providing all 9 essential amino acids while providing sustained energy and fullness.",
            "source": "Source: costco.com.au (https://www.costco.com.au/Business-Delivery/Beverages/Other-Drinks/Rokeby-Farms-Chocolate-Protein-Smoothie-6-x-425ml/p/163543_BD)"
          },
          {
            "claim": "Rokeby Farms ‚Äî All Rokeby Farms products are now available with Subscribe & Save ¬∑ Enjoy 5% off on every recurring order!",
            "source": "Source: bulkeatswarehouse.com.au (https://bulkeatswarehouse.com.au/collections/rokeby-farms?srsltid=AfmBOor6oarDx_IPDf159c9EL9eQwXX8n14gx1vpjMrGlr10qZ4zQgwm)"
          },
          {
            "claim": "Rokeby Nutrition ‚Äî Rokeby is a nutrition food company based in Melbourne. We make a range of award-winning dairy products to enjoy as part of a healthy lifestyle.",
            "source": "Source: rokebynutrition.com (https://rokebynutrition.com/)"
          },
          {
            "claim": "ROKEBY FARM Archives ‚Äî ROKEBY FARM offers Bold Brew drinks in flavors like Double Shot, Iced Mocha, and Iced Latte, and Protein Smoothies in flavors like Banana Honey & Cinnamon, ...",
            "source": "Source: coast2coastdistributors.com.au (https://coast2coastdistributors.com.au/product-category/alternate-flavoured-milks/rokeby-farm-alternate-flavoured-milks/)"
          },
          {
            "claim": "Shop Rokeby Products Online ‚Äî Shop your way at Coles. Our range of Rokeby products at everyday low prices you know and trust. Shop online and get home delivery or ...",
            "source": "Source: coles.com.au (https://www.coles.com.au/brands/rokeby-811816065?srsltid=AfmBOop9dnVgblMzb0AKajWg_OilDB9BIOzgQmQXynZr2Vt3zHlm3A-e)"
          },
          {
            "claim": "Rokeby Farms Protein Smoothie - Dutch Chocolate ‚Äî $4.95. Rokeby Farms Whole Protein Smoothie! Loaded with real cocoa for natural chocolate goodness. Ingredients: Filtered low fat milk, cane sugar, cream, dutch ...",
            "source": "Source: athletesnutrition.com.au (https://athletesnutrition.com.au/products/copy-of-rokeby-farms-protein-smoothie-banana-honey-cinnamon?srsltid=AfmBOopwuArEAMTQsdUswAhgf4qe8xQLZ0MEHrJwVeh5quVK1ZxLYReF)"
          },
          {
            "claim": "üéâüéâ COMPETITION: To share some smoothie love we are ... ‚Äî COMPETITION: To share some smoothie love we are giving away one lucky Rokeby Farms fan a year's supply of our smoothies! To enter: 1. Like ...",
            "source": "Source: instagram.com (https://www.instagram.com/p/CTTJ7b1PNIQ/)"
          },
          {
            "claim": "Competition/Antitrust & Consumer ‚Äî acquisition of a 45% interest in the Made Group (owners of the Cocobella, Rokeby Farms, Impressed Juice and Nutrient Water brands), together with its bottler, ...",
            "source": "Source: addisons.com (https://addisons.com/capabilities/competition-consumer-antitrust/)"
          },
          {
            "claim": "Our brands ‚Äî Rokeby is a functional dairy brand offering a range of high quality products that deliver natural straight-up nutrition to smartly power active people through ...",
            "source": "Source: madegroup.com (https://www.madegroup.com/our-brands)"
          },
          {
            "claim": "About Rokeby ‚Äî Rokeby products are naturally high in protein, made from fresh locally sourced milk and trusted quality ingredients, to help you smartly power through your day.",
            "source": "Source: rokebynutrition.com (https://rokebynutrition.com/pages/about-rokeby)"
          },
          {
            "claim": "Rokeby Farms: Premium protein driving significant growth ‚Äî Rokeby Farms innovative Whole Protein Breakfast Smoothies are made with fresh, cold-filtered milk that contains twice the protein of regular milk and no added ...",
            "source": "Source: c-store.com.au (https://www.c-store.com.au/rokeby-farms-premium-protein-driving-significant-growth/)"
          }
        ],
        "promos": [
          {
            "brand": "ROKEBYNUTRITION",
            "url": "https://rokebynutrition.com/",
            "source": "Source: rokebynutrition.com (https://rokebynutrition.com/)",
            "title": "Rokeby Nutrition",
            "headline": "Rokeby is a nutrition food company based in Melbourne. We make a range of award-winning dairy products to enjoy as part of a healthy lifestyle.",
            "type": "PRIZE",
            "heroCount": null,
            "totalWinners": null,
            "cadence": null,
            "prizeItems": [
              "car",
              "data",
              "tv"
            ],
            "prizeValueHint": null,
            "confidence": 0.6,
            "viaRedemption": false,
            "giftCard": null
          },
          {
            "brand": "RMHHOMELOTTERY",
            "url": "https://www.rmhhomelottery.com.au/pdfs/rmh-mel-2025-2-winners-FA.pdf",
            "source": "Source: rmhhomelottery.com.au (https://www.rmhhomelottery.com.au/pdfs/rmh-mel-2025-2-winners-FA.pdf)",
            "title": "Congratulations",
            "headline": "Congratulations to our. $5.3M Grand Prize winner! Rowena of Swifts Creek (#10134243) has won this fully furnished home in Camberwell. Win big ...",
            "type": "PRIZE",
            "heroCount": null,
            "totalWinners": null,
            "cadence": null,
            "prizeItems": [
              "data",
              "tv",
              "car",
              "cash",
              "holiday"
            ],
            "prizeValueHint": "$39",
            "confidence": 0.6,
            "viaRedemption": false,
            "giftCard": null
          },
          {
            "brand": "ADDISONS",
            "url": "https://addisons.com/capabilities/competition-consumer-antitrust/",
            "source": "Source: addisons.com (https://addisons.com/capabilities/competition-consumer-antitrust/)",
            "title": "Competition/Antitrust &amp; Consumer | Addisons | Sydney Law Firm",
            "headline": "Competition/Antitrust &#038; Consumer",
            "type": "PRIZE",
            "heroCount": null,
            "totalWinners": null,
            "cadence": null,
            "prizeItems": [
              "car",
              "data",
              "plan"
            ],
            "prizeValueHint": "$534",
            "confidence": 0.6,
            "viaRedemption": false,
            "giftCard": null
          },
          {
            "brand": "DIAA",
            "url": "https://diaa.asn.au/wp-content/uploads/2019_DIAA_Vic_Results.pdf",
            "source": "Source: diaa.asn.au (https://diaa.asn.au/wp-content/uploads/2019_DIAA_Vic_Results.pdf)",
            "title": "DIAA Victorian Dairy Product Competition",
            "headline": "Rokeby Farms Whole Protein Smoothie. Chocolate. 17.00. Bulla Dairy Foods. Bulla ... Victorian Dairy Product Competitions visit: www.diaa.asn.au. Dairy Industry.",
            "type": "PRIZE",
            "heroCount": null,
            "totalWinners": null,
            "cadence": null,
            "prizeItems": [
              "data",
              "tv",
              "car"
            ],
            "prizeValueHint": "$06",
            "confidence": 0.6,
            "viaRedemption": false,
            "giftCard": null
          },
          {
            "brand": "FOODANDDRINKBUSINESS",
            "url": "https://www.foodanddrinkbusiness.com.au/news/rethinking-the-white-drink",
            "source": "Source: foodanddrinkbusiness.com.au (https://www.foodanddrinkbusiness.com.au/news/rethinking-the-white-drink)",
            "title": "Rethinking the white drink - Food &amp; Drink Business",
            "headline": "Rethinking the white drink",
            "type": "PRIZE",
            "heroCount": null,
            "totalWinners": null,
            "cadence": null,
            "prizeItems": [
              "data",
              "car",
              "plan",
              "tv"
            ],
            "prizeValueHint": null,
            "confidence": 0.6,
            "viaRedemption": false,
            "giftCard": null
          },
          {
            "brand": "Rokeby Farms",
            "url": "https://www.retailbiz.com.au/offline-retailing/rokeby-farms-premium-protein-driving-significant-growth/",
            "source": "Source: retailbiz.com.au (https://www.retailbiz.com.au/offline-retailing/rokeby-farms-premium-protein-driving-significant-growth/)",
            "title": "Rokeby Farms: Premium protein driving significant growth - retailbiz",
            "headline": "Rokeby Farms sources fresh milk from a selection of farms located in Victoria, which is then delivered to its new manufacturing facility located ...",
            "type": "PRIZE",
            "heroCount": null,
            "totalWinners": null,
            "cadence": null,
            "prizeItems": [
              "car",
              "data",
              "plan",
              "plans",
              "tv"
            ],
            "prizeValueHint": "$10",
            "confidence": 0.6,
            "viaRedemption": false,
            "giftCard": null
          },
          {
            "brand": "WHATSINSEASON",
            "url": "https://www.whatsinseason.com.au/blog/turn-fries-into-cash-win-200k/",
            "source": "Source: whatsinseason.com.au (https://www.whatsinseason.com.au/blog/turn-fries-into-cash-win-200k/)",
            "title": "Turn Fries into Cash - Win $200K - Welcome - InSeason",
            "headline": "Turn Fries into Cash &#8211; Win $200K",
            "type": "PRIZE",
            "heroCount": null,
            "totalWinners": null,
            "cadence": "weekly",
            "prizeItems": [
              "data",
              "cash",
              "car",
              "tv"
            ],
            "prizeValueHint": "$200",
            "confidence": 0.6,
            "viaRedemption": false,
            "giftCard": null
          },
          {
            "brand": "PRIESTLEYS-GOURMET",
            "url": "https://www.priestleys-gourmet.com.au/",
            "source": "Source: priestleys-gourmet.com.au (https://www.priestleys-gourmet.com.au/)",
            "title": "Wholesale Cakes, Desserts &amp; Baked Goods for Cafes &amp; Businesses | Priestley&#039;s Gourmet Delights",
            "headline": "Homepage #New",
            "type": "PRIZE",
            "heroCount": null,
            "totalWinners": null,
            "cadence": null,
            "prizeItems": [
              "data",
              "car",
              "tv",
              "trip"
            ],
            "prizeValueHint": null,
            "confidence": 0.6,
            "viaRedemption": false,
            "giftCard": null
          },
          {
            "brand": "GOURMET-DELIGHTS",
            "url": "https://gourmet-delights.com.au/",
            "source": "Source: gourmet-delights.com.au (https://gourmet-delights.com.au/)",
            "title": "Gourmet Delights &#8211; A Little Bite of Heaven.",
            "headline": "Your perfect partner for me time moments.",
            "type": "PRIZE",
            "heroCount": null,
            "totalWinners": null,
            "cadence": null,
            "prizeItems": [
              "data",
              "car"
            ],
            "prizeValueHint": null,
            "confidence": 0.6,
            "viaRedemption": false,
            "giftCard": null
          },
          {
            "brand": "PRIESTLEYS-GOURMET",
            "url": "https://www.priestleys-gourmet.com.au/blog",
            "source": "Source: priestleys-gourmet.com.au (https://www.priestleys-gourmet.com.au/blog)",
            "title": "Priestley&#039;s Blog | Priestley&#039;s Gourmet Delights",
            "headline": "Priestley&#8217;s Blog",
            "type": "PRIZE",
            "heroCount": null,
            "totalWinners": null,
            "cadence": null,
            "prizeItems": [
              "data",
              "car",
              "tv",
              "holiday",
              "trip"
            ],
            "prizeValueHint": null,
            "confidence": 0.6,
            "viaRedemption": false,
            "giftCard": null
          },
          {
            "brand": "PRIESTLEYS-GOURMET",
            "url": "https://www.priestleys-gourmet.com.au/insight/podcasts",
            "source": "Source: priestleys-gourmet.com.au (https://www.priestleys-gourmet.com.au/insight/podcasts)",
            "title": "Podcasts | Priestley&#039;s Gourmet Delights",
            "headline": "Podcasts",
            "type": "PRIZE",
            "heroCount": null,
            "totalWinners": null,
            "cadence": null,
            "prizeItems": [
              "data",
              "car",
              "tv",
              "trip"
            ],
            "prizeValueHint": null,
            "confidence": 0.6,
            "viaRedemption": false,
            "giftCard": null
          },
          {
            "brand": "COURIERMAIL",
            "url": "https://www.couriermail.com.au/news/national/back-australia/how-priestleys-gourmet-delights-thrives-with-automation-while-supporting-more-australian-jobs/news-story/9b8e562ce4d2b5c64e80fb04cd3c62b2",
            "source": "Source: couriermail.com.au (https://www.couriermail.com.au/news/national/back-australia/how-priestleys-gourmet-delights-thrives-with-automation-while-supporting-more-australian-jobs/news-story/9b8e562ce4d2b5c64e80fb04cd3c62b2)",
            "title": "No Cookies | The Courier Mail",
            "headline": "No Cookies",
            "type": "PRIZE",
            "heroCount": null,
            "totalWinners": null,
            "cadence": null,
            "prizeItems": [
              "car",
              "data",
              "plan",
              "tv"
            ],
            "prizeValueHint": null,
            "confidence": 0.6,
            "viaRedemption": false,
            "giftCard": null
          },
          {
            "brand": "Jillian's Cakery",
            "url": "https://www.easyweddings.com.au/WeddingCakes/Sydney/JilliansCakery/",
            "source": "Source: easyweddings.com.au (https://www.easyweddings.com.au/WeddingCakes/Sydney/JilliansCakery/)",
            "title": "Jillian&#39;s Cakery - Wedding Cakes Surry Hills | Easy Weddings",
            "headline": "Jillian&#39;s Cakery",
            "type": "PRIZE",
            "heroCount": null,
            "totalWinners": null,
            "cadence": null,
            "prizeItems": [
              "data",
              "tv",
              "car",
              "plan",
              "cash"
            ],
            "prizeValueHint": null,
            "confidence": 0.6,
            "viaRedemption": false,
            "giftCard": null
          },
          {
            "brand": "Jillian's Cakery",
            "url": "https://www.sydneycakery.com.au/product/jillians-cakery-online-gift-card-redeemable-online-only/",
            "source": "Source: sydneycakery.com.au (https://www.sydneycakery.com.au/product/jillians-cakery-online-gift-card-redeemable-online-only/)",
            "title": "Jillian&#039;s Cakery Online Gift Card (redeemable online only) &#183; Sydney Cakery",
            "headline": "Jillian&#8217;s Cakery Online Gift Card (redeemable online only)",
            "type": "PRIZE",
            "heroCount": null,
            "totalWinners": null,
            "cadence": null,
            "prizeItems": [
              "gift card",
              "car",
              "data",
              "tv",
              "trip",
              "plan",
              "cash",
              "giftcard"
            ],
            "prizeValueHint": "$10",
            "confidence": 0.6,
            "viaRedemption": false,
            "giftCard": null
          },
          {
            "brand": "THATGIRLFROMSYDNEY",
            "url": "https://thatgirlfromsydney.com/2020/02/27/who-is-jillian-and-what-does-she-do/",
            "source": "Source: thatgirlfromsydney.com (https://thatgirlfromsydney.com/2020/02/27/who-is-jillian-and-what-does-she-do/)",
            "title": "Who Is Jillian And What Does She Do? &#8211; That Girl from Sydney",
            "headline": "Who Is Jillian And What Does She&nbsp;Do?",
            "type": "PRIZE",
            "heroCount": null,
            "totalWinners": null,
            "cadence": null,
            "prizeItems": [
              "car",
              "data",
              "plan",
              "tv"
            ],
            "prizeValueHint": null,
            "confidence": 0.6,
            "viaRedemption": false,
            "giftCard": null
          },
          {
            "brand": "Jillian's Cakery",
            "url": "https://www.theurbanlist.com/sydney/directory/jillian-s-cakery",
            "source": "Source: theurbanlist.com (https://www.theurbanlist.com/sydney/directory/jillian-s-cakery)",
            "title": "Jillian's Cakery | URBAN LIST SYDNEY",
            "headline": "Jillian‚Äôs Cakery",
            "type": "PRIZE",
            "heroCount": null,
            "totalWinners": null,
            "cadence": null,
            "prizeItems": [
              "tv",
              "data",
              "car"
            ],
            "prizeValueHint": null,
            "confidence": 0.6,
            "viaRedemption": false,
            "giftCard": null
          },
          {
            "brand": "YOUTUBE",
            "url": "https://www.youtube.com/c/jillianbutler",
            "source": "Source: youtube.com (https://www.youtube.com/c/jillianbutler)",
            "title": "Jillian Butler - YouTube",
            "headline": "I started a successful cake shop in Sydney called Jillian's Cakery that I ran for 7 years and there were lots of lessons that I learned along the way. Now ...",
            "type": "PRIZE",
            "heroCount": null,
            "totalWinners": null,
            "cadence": null,
            "prizeItems": [
              "data",
              "tv",
              "car"
            ],
            "prizeValueHint": null,
            "confidence": 0.6,
            "viaRedemption": false,
            "giftCard": null
          },
          {
            "brand": "Belle Fleur",
            "url": "https://bellefleur.com.au/",
            "source": "Source: bellefleur.com.au (https://bellefleur.com.au/)",
            "title": "Homepage | Belle Fleur Fine Chocolates | Chocolate Sydney",
            "headline": "Handmade chocolates that taste sensational. Choose from over 45 traditional and contemporary flavours in-store.Jump to",
            "type": "PRIZE",
            "heroCount": null,
            "totalWinners": null,
            "cadence": null,
            "prizeItems": [
              "car",
              "data",
              "tv",
              "trip",
              "gift card"
            ],
            "prizeValueHint": null,
            "confidence": 0.6,
            "viaRedemption": false,
            "giftCard": null
          },
          {
            "brand": "ADAIRS",
            "url": "https://www.adairs.com.au/terms-conditions/competitions/?srsltid=AfmBOoqdmhyAkjp-0mo6YgOOktDktJHmHAKnYF3zeB9uw5Neg7BZ2F6C",
            "source": "Source: adairs.com.au (https://www.adairs.com.au/terms-conditions/competitions/?srsltid=AfmBOoqdmhyAkjp-0mo6YgOOktDktJHmHAKnYF3zeB9uw5Neg7BZ2F6C)",
            "title": "Past Competitions | Adairs",
            "headline": "The 'Draw 3' winner is Edith Pullen. The 'Draw 4' winner is Vibeke Foss. The 'Adairs Kids Fur Cushions & Throw Competition' commenced at 12:00am AEST on the 14 ...Jump to",
            "type": "PRIZE",
            "heroCount": 3,
            "totalWinners": null,
            "cadence": null,
            "prizeItems": [
              "data",
              "car",
              "trip",
              "plan",
              "washer",
              "gift card",
              "tv",
              "voucher",
              "cash"
            ],
            "prizeValueHint": "$30",
            "confidence": 0.6,
            "viaRedemption": false,
            "giftCard": null
          },
          {
            "brand": "RMHHOMELOTTERY",
            "url": "https://www.rmhhomelottery.com.au/on/demandware.static/Sites-RML_MEL-Site/Sites-RML_MEL-Library/-/pdfs/rmh-mel-2025-1-winners-FA-2.pdf",
            "source": "Source: rmhhomelottery.com.au (https://www.rmhhomelottery.com.au/on/demandware.static/Sites-RML_MEL-Site/Sites-RML_MEL-Library/-/pdfs/rmh-mel-2025-1-winners-FA-2.pdf)",
            "title": "Congratulations",
            "headline": "Congratulations to our Early Bird winner! Jeffrey from Bulleen (#008153) has won the half a million Early Bird Prize! EARLY BIRD PRIZE.Jump to",
            "type": "PRIZE",
            "heroCount": null,
            "totalWinners": null,
            "cadence": null,
            "prizeItems": [
              "data",
              "tv",
              "cash",
              "holiday",
              "car",
              "plan"
            ],
            "prizeValueHint": "$39",
            "confidence": 0.6,
            "viaRedemption": false,
            "giftCard": null
          },
          {
            "brand": "ROCKYSHOW",
            "url": "https://www.rockyshow.com.au/Competitions/Animals-Competitions/Horse-Competition-Program",
            "source": "Source: rockyshow.com.au (https://www.rockyshow.com.au/Competitions/Animals-Competitions/Horse-Competition-Program)",
            "title": "Horse Competition Program Rockhampton Show",
            "headline": "Horse Competition Program",
            "type": "PRIZE",
            "heroCount": null,
            "totalWinners": null,
            "cadence": null,
            "prizeItems": [
              "car",
              "tv",
              "data",
              "plan"
            ],
            "prizeValueHint": null,
            "confidence": 0.6,
            "viaRedemption": false,
            "giftCard": null
          },
          {
            "brand": "BELLEFLEUR",
            "url": "https://bellefleur.com.au/occasions/",
            "source": "Source: bellefleur.com.au (https://bellefleur.com.au/occasions/)",
            "title": "Special Occasions &amp; Events | Belle Fleur Fine Chocolates",
            "headline": "Occasions",
            "type": "PRIZE",
            "heroCount": null,
            "totalWinners": null,
            "cadence": null,
            "prizeItems": [
              "car",
              "data",
              "tv",
              "trip",
              "gift card"
            ],
            "prizeValueHint": null,
            "confidence": 0.6,
            "viaRedemption": false,
            "giftCard": null
          },
          {
            "brand": "MARKETINGBEE",
            "url": "https://marketingbee.com.au/sharon-latour-returns-as-a-judge-for-the-2025-australian-web-awards/",
            "source": "Source: marketingbee.com.au (https://marketingbee.com.au/sharon-latour-returns-as-a-judge-for-the-2025-australian-web-awards/)",
            "title": "Sharon Latour Returns as a Judge for the 2025 Australian Web Awards - Marketing Bee",
            "headline": "Sharon Latour Returns as a Judge for the 2025 Australian Web Awards",
            "type": "PRIZE",
            "heroCount": null,
            "totalWinners": null,
            "cadence": null,
            "prizeItems": [
              "car",
              "data",
              "tv"
            ],
            "prizeValueHint": null,
            "confidence": 0.6,
            "viaRedemption": false,
            "giftCard": null
          },
          {
            "brand": "Beak & Johnston",
            "url": "https://www.beakandjohnston.com.au/",
            "source": "Source: beakandjohnston.com.au (https://www.beakandjohnston.com.au/)",
            "title": "Home - Quality Food Manufacturer | Beak &amp; Johnston",
            "headline": "Beak & Johnston is a proudly Australian, privately owned fresh food business with over 39 years of experience delivering innovative, value-added meal solutions.",
            "type": "PRIZE",
            "heroCount": null,
            "totalWinners": null,
            "cadence": null,
            "prizeItems": [
              "car",
              "data",
              "plan"
            ],
            "prizeValueHint": null,
            "confidence": 0.6,
            "viaRedemption": false,
            "giftCard": null
          },
          {
            "brand": "BEAKANDJOHNSTON",
            "url": "https://www.beakandjohnston.com.au/about-us/",
            "source": "Source: beakandjohnston.com.au (https://www.beakandjohnston.com.au/about-us/)",
            "title": "About Us - Quality Food Manufacturer | Beak &amp; Johnston",
            "headline": "Beak & Johnston was founded in 1986 by David Beak, bringing together four generations of global meat industry knowledge.",
            "type": "PRIZE",
            "heroCount": null,
            "totalWinners": null,
            "cadence": null,
            "prizeItems": [
              "car",
              "data",
              "plan"
            ],
            "prizeValueHint": "$15",
            "confidence": 0.6,
            "viaRedemption": false,
            "giftCard": null
          },
          {
            "brand": "BAKINGBUSINESS",
            "url": "https://bakingbusiness.com.au/wp-content/uploads/2019/10/2019-fine-food-catalogue-web.pdf",
            "source": "Source: bakingbusiness.com.au (https://bakingbusiness.com.au/wp-content/uploads/2019/10/2019-fine-food-catalogue-web.pdf)",
            "title": "Sydney Royal Fine Food Show - Baking Business",
            "headline": "It draws from Sydney Royal Champions throughout the year, examines, and celebrates truly inspirational, innovative agricultural food and beverage achievers.",
            "type": "PRIZE",
            "heroCount": null,
            "totalWinners": null,
            "cadence": null,
            "prizeItems": [
              "data",
              "tv",
              "car"
            ],
            "prizeValueHint": "$224",
            "confidence": 0.6,
            "viaRedemption": false,
            "giftCard": null
          },
          {
            "brand": "ISSUU",
            "url": "https://issuu.com/theintermediagroup/docs/c_i_retailing_magazine_august-september_2025",
            "source": "Source: issuu.com (https://issuu.com/theintermediagroup/docs/c_i_retailing_magazine_august-september_2025)",
            "title": "C&amp;amp;I Retailing Magazine August-September 2025 by The Intermedia Group - Issuu",
            "headline": "C&amp;I Retailing Magazine August-September 2025",
            "type": "PRIZE",
            "heroCount": null,
            "totalWinners": null,
            "cadence": null,
            "prizeItems": [
              "car",
              "data",
              "tv",
              "plans",
              "plan"
            ],
            "prizeValueHint": "$29",
            "confidence": 0.6,
            "viaRedemption": false,
            "giftCard": null
          },
          {
            "brand": "Beak & Johnston",
            "url": "https://www.accc.gov.au/media-release/woolworths%E2%80%99-proposed-acquisition-of-beak-johnston-not-opposed",
            "source": "Source: accc.gov.au (https://www.accc.gov.au/media-release/woolworths%E2%80%99-proposed-acquisition-of-beak-johnston-not-opposed)",
            "title": "Woolworths‚Äô proposed acquisition of Beak &amp; Johnston not opposed | ACCC",
            "headline": "The ACCC will not oppose Woolworths Group Limited's (ASX:WOW) proposed acquisition of Beak & Johnston Holdings Pty Ltd (B&J).",
            "type": "PRIZE",
            "heroCount": null,
            "totalWinners": null,
            "cadence": null,
            "prizeItems": [
              "data",
              "car"
            ],
            "prizeValueHint": null,
            "confidence": 0.6,
            "viaRedemption": false,
            "giftCard": null
          },
          {
            "brand": "Beak & Johnston",
            "url": "https://www.just-food.com/news/woolworths-beak-johnston-deal-approved/",
            "source": "Source: just-food.com (https://www.just-food.com/news/woolworths-beak-johnston-deal-approved/)",
            "title": "ACCC waves through Woolworths‚Äô Beak &amp; Johnston deal",
            "headline": "Australia regulator waves through Woolworths‚Äô Beak &#038; Johnston deal",
            "type": "PRIZE",
            "heroCount": null,
            "totalWinners": null,
            "cadence": null,
            "prizeItems": [
              "data",
              "car",
              "plan",
              "tv"
            ],
            "prizeValueHint": null,
            "confidence": 0.6,
            "viaRedemption": false,
            "giftCard": null
          },
          {
            "brand": "Beak & Johnston",
            "url": "https://morganenglishlawyers.com.au/morgan-english-advises-beak-johnston-group-on-strategic-sale-to-woolworths/",
            "source": "Source: morganenglishlawyers.com.au (https://morganenglishlawyers.com.au/morgan-english-advises-beak-johnston-group-on-strategic-sale-to-woolworths/)",
            "title": "Morgan + English Advises Beak &amp; Johnston Group on Strategic Sale to Woolworths | Morgan English Lawyers",
            "headline": "Morgan + English Advises Beak &#038; Johnston Group on Strategic Sale to Woolworths",
            "type": "PRIZE",
            "heroCount": null,
            "totalWinners": null,
            "cadence": null,
            "prizeItems": [
              "data",
              "car",
              "cash",
              "trip",
              "plan",
              "tv"
            ],
            "prizeValueHint": null,
            "confidence": 0.6,
            "viaRedemption": false,
            "giftCard": null
          },
          {
            "brand": "Beak & Johnston",
            "url": "https://www.comcom.govt.nz/news-and-media/news-and-events/2025/woolworths-seeks-clearance-to-acquire-beak-and-johnston/",
            "source": "Source: comcom.govt.nz (https://www.comcom.govt.nz/news-and-media/news-and-events/2025/woolworths-seeks-clearance-to-acquire-beak-and-johnston/)",
            "title": "Woolworths seeks clearance to acquire Beak &amp; Johnston | Commerce Commission",
            "headline": "We will give clearance to a proposed merger if we are satisfied that the merger is unlikely to have the effect of substantially lessening ...",
            "type": "PRIZE",
            "heroCount": null,
            "totalWinners": null,
            "cadence": null,
            "prizeItems": [
              "trip",
              "car",
              "data",
              "plan"
            ],
            "prizeValueHint": null,
            "confidence": 0.6,
            "viaRedemption": false,
            "giftCard": null
          },
          {
            "brand": "Beak & Johnston",
            "url": "https://insideretail.com.au/news/woolworths-seeks-clearance-to-buy-beak-johnston-202501",
            "source": "Source: insideretail.com.au (https://insideretail.com.au/news/woolworths-seeks-clearance-to-buy-beak-johnston-202501)",
            "title": "Woolworths seeks clearance to buy Beak &amp; Johnston - Inside Retail Australia",
            "headline": "Woolworths seeks clearance to buy Beak &amp; Johnston",
            "type": "PRIZE",
            "heroCount": null,
            "totalWinners": null,
            "cadence": null,
            "prizeItems": [
              "data",
              "car",
              "trip"
            ],
            "prizeValueHint": "$110",
            "confidence": 0.6,
            "viaRedemption": false,
            "giftCard": null
          },
          {
            "brand": "Carman's",
            "url": "https://carmanskitchen.com.au/carmans-quarterly-care-package-giveaway-2025/",
            "source": "Source: carmanskitchen.com.au (https://carmanskitchen.com.au/carmans-quarterly-care-package-giveaway-2025/)",
            "title": "Carman‚Äôs Quarterly Care Package Giveaway Terms &amp; Conditions 2025 | Carman's Kitchen",
            "headline": "Carman‚Äôs Quarterly Care Package Giveaway Terms &#038; Conditions 2025",
            "type": "PRIZE",
            "heroCount": null,
            "totalWinners": null,
            "cadence": null,
            "prizeItems": [
              "data",
              "car",
              "plan",
              "cash",
              "tv"
            ],
            "prizeValueHint": "$100",
            "confidence": 0.6,
            "viaRedemption": false,
            "giftCard": null
          },
          {
            "brand": "Carman's",
            "url": "https://carmanskitchen.com.au/fun-run-giveaway-terms-conditions/",
            "source": "Source: carmanskitchen.com.au (https://carmanskitchen.com.au/fun-run-giveaway-terms-conditions/)",
            "title": "Carman‚Äôs Fun Run Giveaway Terms &amp; Conditions | Carman's Kitchen",
            "headline": "Carman&#8217;s Fun Run Giveaway Terms &#038; Conditions",
            "type": "PRIZE",
            "heroCount": 1,
            "totalWinners": null,
            "cadence": "instant",
            "prizeItems": [
              "data",
              "car",
              "plan",
              "voucher",
              "cash",
              "tv"
            ],
            "prizeValueHint": "$200",
            "confidence": 0.6,
            "viaRedemption": false,
            "giftCard": null
          },
          {
            "brand": "CARMANSKITCHEN",
            "url": "https://carmanskitchen.com.au/porridge-competition-terms-conditions/",
            "source": "Source: carmanskitchen.com.au (https://carmanskitchen.com.au/porridge-competition-terms-conditions/)",
            "title": "Porridge Competition Terms &amp; Conditions | Carman's Kitchen",
            "headline": "Porridge Competition Terms &#038; Conditions",
            "type": "PRIZE",
            "heroCount": null,
            "totalWinners": null,
            "cadence": null,
            "prizeItems": [
              "data",
              "car",
              "plan",
              "cash",
              "tv"
            ],
            "prizeValueHint": "$250",
            "confidence": 0.6,
            "viaRedemption": false,
            "giftCard": null
          },
          {
            "brand": "CARMANSKITCHEN",
            "url": "https://carmanskitchen.com.au/win-a-trip-to-byron-terms-and-conditions/",
            "source": "Source: carmanskitchen.com.au (https://carmanskitchen.com.au/win-a-trip-to-byron-terms-and-conditions/)",
            "title": "Win a Trip to Byron Terms and Conditions | Carman's Kitchen",
            "headline": "Win a Trip to Byron Terms and Conditions",
            "type": "PRIZE",
            "heroCount": null,
            "totalWinners": null,
            "cadence": "instant",
            "prizeItems": [
              "data",
              "car",
              "trip",
              "plan",
              "holiday",
              "voucher",
              "cash",
              "tv"
            ],
            "prizeValueHint": "$11,805",
            "confidence": 0.6,
            "viaRedemption": false,
            "giftCard": null
          },
          {
            "brand": "Carman's",
            "url": "https://solemotive.com/pages/carmans-fun-run-syd-10k?srsltid=AfmBOooHB3xkXtaoGZ9mG-_L0--9mW5jbbRWm1pnggI7e99sIs6BVcnZ",
            "source": "Source: solemotive.com (https://solemotive.com/pages/carmans-fun-run-syd-10k?srsltid=AfmBOooHB3xkXtaoGZ9mG-_L0--9mW5jbbRWm1pnggI7e99sIs6BVcnZ)",
            "title": "Carman&#39;s Fun Run Sydney 2025 - 10K | Sole Motive",
            "headline": "The Carman's Fun Run Sydney 2025 is on 21 September at Metcalfe Park, Pyrmont, with a 9:00am start. The course is a flat 2 lap with Sydney views.",
            "type": "PRIZE",
            "heroCount": null,
            "totalWinners": null,
            "cadence": null,
            "prizeItems": [
              "data",
              "car",
              "trip",
              "tv",
              "cash"
            ],
            "prizeValueHint": "$80",
            "confidence": 0.6,
            "viaRedemption": false,
            "giftCard": null
          },
          {
            "brand": "Carman's",
            "url": "https://solemotive.com/pages/carmans-fun-run-syd-home?srsltid=AfmBOorQvL6V5sSGXodJyYnpq2M5S1edAD0ntuyCApEKW69H8iURTuCJ",
            "source": "Source: solemotive.com (https://solemotive.com/pages/carmans-fun-run-syd-home?srsltid=AfmBOorQvL6V5sSGXodJyYnpq2M5S1edAD0ntuyCApEKW69H8iURTuCJ)",
            "title": "Carman&#39;s Fun Run Sydney 2025 | Sole Motive",
            "headline": "BCNA MERCHANDISE STAND &amp; MINI-FIELD OF WOMEN",
            "type": "PRIZE",
            "heroCount": null,
            "totalWinners": null,
            "cadence": null,
            "prizeItems": [
              "data",
              "car",
              "trip",
              "tv",
              "cash",
              "plan"
            ],
            "prizeValueHint": "$60",
            "confidence": 0.6,
            "viaRedemption": false,
            "giftCard": null
          },
          {
            "brand": "Carman's",
            "url": "https://solemotive.com/pages/carmans-fun-run-mel-home?srsltid=AfmBOorSgV-UdaNVOUP8CKAqEEIrYHFLflLVAtbLwxYAcUtICnE2zL_9",
            "source": "Source: solemotive.com (https://solemotive.com/pages/carmans-fun-run-mel-home?srsltid=AfmBOorSgV-UdaNVOUP8CKAqEEIrYHFLflLVAtbLwxYAcUtICnE2zL_9)",
            "title": "Carman&#39;s Fun Run Melbourne 2026 | Sole Motive",
            "headline": "BCNA MERCHANDISE STAND",
            "type": "PRIZE",
            "heroCount": null,
            "totalWinners": null,
            "cadence": null,
            "prizeItems": [
              "data",
              "car",
              "trip",
              "tv",
              "cash",
              "plan"
            ],
            "prizeValueHint": "$60",
            "confidence": 0.6,
            "viaRedemption": false,
            "giftCard": null
          },
          {
            "brand": "Carman's",
            "url": "https://www.bcna.org.au/event-directory/major-events/carman-s-fun-run-2025-sydney/",
            "source": "Source: bcna.org.au (https://www.bcna.org.au/event-directory/major-events/carman-s-fun-run-2025-sydney/)",
            "title": "Carman&#x2019;s Fun Run 2025 - Sydney",
            "headline": "Run, jog or walk 21.1K, 10K, or 5K and make your run count by raising funds to help Australians affected by breast cancer. Secure your spot now and help us turn ...",
            "type": "PRIZE",
            "heroCount": null,
            "totalWinners": null,
            "cadence": null,
            "prizeItems": [
              "data",
              "car",
              "tv"
            ],
            "prizeValueHint": "$30",
            "confidence": 0.6,
            "viaRedemption": false,
            "giftCard": null
          },
          {
            "brand": "Carman's",
            "url": "https://www.bcna.org.au/event-directory/major-events/carman-s-fun-run-2025-melbourne/",
            "source": "Source: bcna.org.au (https://www.bcna.org.au/event-directory/major-events/carman-s-fun-run-2025-melbourne/)",
            "title": "Carman&#x2019;s Fun Run 2025 - Melbourne",
            "headline": "Carman's Fun Run 2025 is on Feb 16 at Elsternwick Park, Brighton, with half-marathon, 10km, 5km run and 5km walk options. It starts at 5:45 am and ends at 1:00 ...",
            "type": "PRIZE",
            "heroCount": null,
            "totalWinners": null,
            "cadence": null,
            "prizeItems": [
              "data",
              "car",
              "tv"
            ],
            "prizeValueHint": "$30",
            "confidence": 0.6,
            "viaRedemption": false,
            "giftCard": null
          },
          {
            "brand": "PAULSPROMO",
            "url": "https://www.paulspromo.com.au/",
            "source": "Source: paulspromo.com.au (https://www.paulspromo.com.au/)",
            "title": "Paul&#039;s Kids Yoghurt Minions Promotion",
            "headline": "Open to AU res 18+. Starts: 17/3/25:12AM AEDT. Ends: 30/5/25:11.59PM AEST. Max 1 entry per transaction. Retain receipts. Draw: 51A/23 Norton St, Leichhardt, NSW ...",
            "type": "PRIZE",
            "heroCount": null,
            "totalWinners": null,
            "cadence": null,
            "prizeItems": [
              "data",
              "tv",
              "trip"
            ],
            "prizeValueHint": "$17,225",
            "confidence": 0.6,
            "viaRedemption": false,
            "giftCard": null
          },
          {
            "brand": "REDDYEXPRESS",
            "url": "https://www.reddyexpress.com.au/terms-and-conditions/peel-N-win",
            "source": "Source: reddyexpress.com.au (https://www.reddyexpress.com.au/terms-and-conditions/peel-N-win)",
            "title": "Reddy, Set, Peel &amp; Win - T&amp;Cs | Reddy Express",
            "headline": "All prize claims and entries into the unclaimed prize draw must be made by Entrants by no later than 11.59pm (Sydney time) on 30 September 2025. 5.",
            "type": "PRIZE",
            "heroCount": null,
            "totalWinners": null,
            "cadence": "instant",
            "prizeItems": [
              "data",
              "car",
              "gift card",
              "plans",
              "holiday",
              "voucher",
              "cash",
              "trip",
              "giftcard",
              "plan"
            ],
            "prizeValueHint": "$10",
            "confidence": 0.6,
            "viaRedemption": false,
            "giftCard": null
          },
          {
            "brand": "PAULS",
            "url": "https://www.pauls.com.au/",
            "source": "Source: pauls.com.au (https://www.pauls.com.au/)",
            "title": "Pauls Dairy",
            "headline": "We're pretty passionate about making great tasting products packed with real dairy goodness. We put that devotion into every Pauls milk, cream, custard, yoghurt ...",
            "type": "PRIZE",
            "heroCount": null,
            "totalWinners": null,
            "cadence": null,
            "prizeItems": [
              "data",
              "car",
              "tv"
            ],
            "prizeValueHint": null,
            "confidence": 0.6,
            "viaRedemption": false,
            "giftCard": null
          },
          {
            "brand": "SCHOOLFUNDRAISING",
            "url": "https://www.schoolfundraising.com.au/",
            "source": "Source: schoolfundraising.com.au (https://www.schoolfundraising.com.au/)",
            "title": "School Fundraising | Empowering Schools Through Colour Runs",
            "headline": "We're Australia's ultimate school fundraising partner ... When parents use it to create a profile, they go into the draw to win a $500 prize credit.",
            "type": "PRIZE",
            "heroCount": 500,
            "totalWinners": null,
            "cadence": null,
            "prizeItems": [
              "car",
              "data",
              "tv",
              "trip",
              "plan",
              "cash"
            ],
            "prizeValueHint": "$500",
            "confidence": 0.6,
            "viaRedemption": false,
            "giftCard": null
          },
          {
            "brand": "Chobani",
            "url": "https://www.chobani.com.au/chobani-fit-competition-terms-and-conditions/",
            "source": "Source: chobani.com.au (https://www.chobani.com.au/chobani-fit-competition-terms-and-conditions/)",
            "title": "Chobani Fit Competition - Terms and Conditions - Chobani Australia",
            "headline": "Chobani Fit Competition &#8211; Terms and Conditions",
            "type": "PRIZE",
            "heroCount": null,
            "totalWinners": null,
            "cadence": null,
            "prizeItems": [
              "car",
              "data",
              "cash"
            ],
            "prizeValueHint": "$399",
            "confidence": 0.6,
            "viaRedemption": false,
            "giftCard": null
          },
          {
            "brand": "Chobani",
            "url": "https://www.ozbargain.com.au/node/926882",
            "source": "Source: ozbargain.com.au (https://www.ozbargain.com.au/node/926882)",
            "title": "Win a KitchenAid Pure Power Blender + Chobani No Sugar Added Prize Pack from KitchenAid - OzBargain Competitions",
            "headline": "Win a KitchenAid Pure Power Blender + Chobani No Sugar Added Prize Pack from KitchenAid",
            "type": "PRIZE",
            "heroCount": null,
            "totalWinners": null,
            "cadence": null,
            "prizeItems": [
              "car",
              "tv",
              "data",
              "voucher",
              "gift card",
              "cash"
            ],
            "prizeValueHint": "$274",
            "confidence": 0.6,
            "viaRedemption": false,
            "giftCard": null
          },
          {
            "brand": "Chobani",
            "url": "https://www.ozbargain.com.au/competition/chobani.com.au",
            "source": "Source: ozbargain.com.au (https://www.ozbargain.com.au/competition/chobani.com.au)",
            "title": "Chobani: Competitions - OzBargain Competitions",
            "headline": "Chobani &raquo; Competitions",
            "type": "PRIZE",
            "heroCount": null,
            "totalWinners": null,
            "cadence": null,
            "prizeItems": [
              "car",
              "data",
              "voucher",
              "gift card",
              "cash"
            ],
            "prizeValueHint": "$100",
            "confidence": 0.6,
            "viaRedemption": false,
            "giftCard": null
          },
          {
            "brand": "CHOBANI",
            "url": "https://www.chobani.com.au/competition-tscs/",
            "source": "Source: chobani.com.au (https://www.chobani.com.au/competition-tscs/)",
            "title": "Competition - Terms and Conditions 2024 - Chobani Australia",
            "headline": "Chobani Australia Terms and Conditions. View Chobani x Remedy Terms and Conditions ¬∑ View Chobani x Ninja Kitchen Terms and Conditions ...",
            "type": "PRIZE",
            "heroCount": null,
            "totalWinners": null,
            "cadence": null,
            "prizeItems": [
              "car",
              "data"
            ],
            "prizeValueHint": null,
            "confidence": 0.6,
            "viaRedemption": false,
            "giftCard": null
          },
          {
            "brand": "Chobani",
            "url": "https://www.chobani.com.au/",
            "source": "Source: chobani.com.au (https://www.chobani.com.au/)",
            "title": "Chobani Australia",
            "headline": "Real yogurt. Real simple.",
            "type": "PRIZE",
            "heroCount": null,
            "totalWinners": null,
            "cadence": null,
            "prizeItems": [
              "car",
              "data",
              "plan"
            ],
            "prizeValueHint": null,
            "confidence": 0.6,
            "viaRedemption": false,
            "giftCard": null
          },
          {
            "brand": "Sara Lee",
            "url": "https://winwithsaralee.com.au/conditions.html",
            "source": "Source: winwithsaralee.com.au (https://winwithsaralee.com.au/conditions.html)",
            "title": "Sara Lee Waffles 30k Giveaway Instant Win Promotion",
            "headline": "There are 150 prizes to be given away in this Promotion: 12 x AUD$1,000.00 Cash Prize, 13 x AUD$500.00 Mastercard eVouchers and 15 x AUD$250.00 Mastercard ...",
            "type": "PRIZE",
            "heroCount": 150,
            "totalWinners": null,
            "cadence": "instant",
            "prizeItems": [
              "data",
              "cash",
              "car",
              "voucher"
            ],
            "prizeValueHint": "$500",
            "confidence": 0.6,
            "viaRedemption": false,
            "giftCard": null
          },
          {
            "brand": "Sara Lee",
            "url": "https://saralee.com.au/enter-for-your-chance-to-win-our-grocery-giveaway/",
            "source": "Source: saralee.com.au (https://saralee.com.au/enter-for-your-chance-to-win-our-grocery-giveaway/)",
            "title": "Enter for your chance to WIN our Grocery Giveaway! &#8211; Sara Lee",
            "headline": "Enter for your chance to WIN our Grocery Giveaway!",
            "type": "PRIZE",
            "heroCount": null,
            "totalWinners": null,
            "cadence": null,
            "prizeItems": [
              "voucher",
              "data",
              "car",
              "tv"
            ],
            "prizeValueHint": "$200",
            "confidence": 0.6,
            "viaRedemption": false,
            "giftCard": null
          },
          {
            "brand": "Sara Lee",
            "url": "https://saraleefoodservice.com.au/news-promotions/",
            "source": "Source: saraleefoodservice.com.au (https://saraleefoodservice.com.au/news-promotions/)",
            "title": "News &amp; Promotions | Sara Lee Foodservice Australia",
            "headline": "News &#038; Promotions",
            "type": "PRIZE",
            "heroCount": null,
            "totalWinners": null,
            "cadence": null,
            "prizeItems": [
              "data",
              "car",
              "tv"
            ],
            "prizeValueHint": null,
            "confidence": 0.6,
            "viaRedemption": false,
            "giftCard": null
          },
          {
            "brand": "Sara Lee",
            "url": "https://saralee.com.au/grocery-giveaway-tcs-australia/",
            "source": "Source: saralee.com.au (https://saralee.com.au/grocery-giveaway-tcs-australia/)",
            "title": "Grocery Giveaway T&#038;Cs Australia &#8211; Sara Lee",
            "headline": "Grocery Giveaway T&#038;Cs Australia",
            "type": "PRIZE",
            "heroCount": null,
            "totalWinners": null,
            "cadence": null,
            "prizeItems": [
              "data",
              "car",
              "tv",
              "gift card",
              "cash",
              "plan"
            ],
            "prizeValueHint": "$200",
            "confidence": 0.6,
            "viaRedemption": false,
            "giftCard": null
          },
          {
            "brand": "Sara Lee",
            "url": "https://winwithsaralee.com.au/images/Sara%20Lee%20Instant%20Win%20T&C's.pdf",
            "source": "Source: winwithsaralee.com.au (https://winwithsaralee.com.au/images/Sara%20Lee%20Instant%20Win%20T&C's.pdf)",
            "title": "Sara Lee Waffles 30k Giveaway Instant Win Promotion",
            "headline": "Winners will have their initials and state announced on the Sara Lee Promotional website at www.winwithsaralee.com by 30th October, 2024. 14. If ...",
            "type": "PRIZE",
            "heroCount": null,
            "totalWinners": null,
            "cadence": null,
            "prizeItems": [
              "tv"
            ],
            "prizeValueHint": "$222",
            "confidence": 0.6,
            "viaRedemption": false,
            "giftCard": null
          },
          {
            "brand": "Sara Lee",
            "url": "http://winwithsaralee.com.au/",
            "source": "Source: winwithsaralee.com.au (http://winwithsaralee.com.au/)",
            "title": "Sara Lee Waffles 30k Giveaway Instant Win Promotion",
            "headline": "The promotion commences on the 15/9/2024 at 0900 (AEST) and closes 27/10/2024 at 1700 (AEST). For full T&C's go to www.winwithsaralee.",
            "type": "PRIZE",
            "heroCount": null,
            "totalWinners": null,
            "cadence": "instant",
            "prizeItems": [
              "data",
              "car",
              "voucher",
              "tv"
            ],
            "prizeValueHint": null,
            "confidence": 0.6,
            "viaRedemption": false,
            "giftCard": null
          },
          {
            "brand": "Sara Lee",
            "url": "https://saralee.com.au/enter-for-your-chance-to-win-a-pair-of-sara-lee-socks-for-dad-terms-and-conditions-2/",
            "source": "Source: saralee.com.au (https://saralee.com.au/enter-for-your-chance-to-win-a-pair-of-sara-lee-socks-for-dad-terms-and-conditions-2/)",
            "title": "Enter for your chance to WIN a pair of Sara Lee socks for Dad! Terms and Conditions &#8211; Sara Lee",
            "headline": "Enter for your chance to WIN a pair of Sara Lee socks for Dad! Terms and Conditions",
            "type": "PRIZE",
            "heroCount": 25,
            "totalWinners": 25,
            "cadence": null,
            "prizeItems": [
              "data",
              "car",
              "tv",
              "cash",
              "plan"
            ],
            "prizeValueHint": "$30",
            "confidence": 0.6,
            "viaRedemption": false,
            "giftCard": null
          },
          {
            "brand": "Sara Lee",
            "url": "https://saralee.com.au/enter-for-your-chance-to-win-a-kitchenaid-mixer/",
            "source": "Source: saralee.com.au (https://saralee.com.au/enter-for-your-chance-to-win-a-kitchenaid-mixer/)",
            "title": "Enter for your chance to WIN a KitchenAid Mixer! &#8211; Sara Lee",
            "headline": "Enter for your chance to WIN a KitchenAid Mixer!",
            "type": "PRIZE",
            "heroCount": null,
            "totalWinners": null,
            "cadence": null,
            "prizeItems": [
              "data",
              "car",
              "tv",
              "plan",
              "trip"
            ],
            "prizeValueHint": null,
            "confidence": 0.6,
            "viaRedemption": false,
            "giftCard": null
          },
          {
            "brand": "TUFFSTREETERS",
            "url": "https://tuffstreeters.com.au/",
            "source": "Source: tuffstreeters.com.au (https://tuffstreeters.com.au/)",
            "title": "Home - Tuff Streeters",
            "headline": "We Are Tuff Streeters",
            "type": "PRIZE",
            "heroCount": null,
            "totalWinners": null,
            "cadence": "weekly",
            "prizeItems": [
              "car",
              "data",
              "cash",
              "trip"
            ],
            "prizeValueHint": "$100",
            "confidence": 0.6,
            "viaRedemption": false,
            "giftCard": null
          },
          {
            "brand": "LINKT",
            "url": "https://www.linkt.com.au/campaigns/driveaway/sydney",
            "source": "Source: linkt.com.au (https://www.linkt.com.au/campaigns/driveaway/sydney)",
            "title": "Pardon Our Interruption",
            "headline": "Pardon Our Interruption",
            "type": "PRIZE",
            "heroCount": null,
            "totalWinners": null,
            "cadence": null,
            "prizeItems": [],
            "prizeValueHint": null,
            "confidence": 0.6,
            "viaRedemption": false,
            "giftCard": null
          },
          {
            "brand": "YOURTOWN",
            "url": "https://www.yourtown.com.au/",
            "source": "Source: yourtown.com.au (https://www.yourtown.com.au/)",
            "title": "yourtown | Art Union & Community Services | Prize Homes",
            "headline": "Every young person deserves a chance to thrive",
            "type": "PRIZE",
            "heroCount": null,
            "totalWinners": null,
            "cadence": null,
            "prizeItems": [
              "car",
              "data",
              "tv"
            ],
            "prizeValueHint": null,
            "confidence": 0.6,
            "viaRedemption": false,
            "giftCard": null
          },
          {
            "brand": "RAFFLETIX",
            "url": "https://www.raffletix.com.au/raffles",
            "source": "Source: raffletix.com.au (https://www.raffletix.com.au/raffles)",
            "title": "Live raffles",
            "headline": "Live raffles",
            "type": "PRIZE",
            "heroCount": null,
            "totalWinners": null,
            "cadence": null,
            "prizeItems": [
              "tv",
              "data",
              "car"
            ],
            "prizeValueHint": null,
            "confidence": 0.6,
            "viaRedemption": false,
            "giftCard": null
          },
          {
            "brand": "MOTORCULTUREAUSTRALIA",
            "url": "https://www.motorcultureaustralia.com/current-giveaways/",
            "source": "Source: motorcultureaustralia.com (https://www.motorcultureaustralia.com/current-giveaways/)",
            "title": "Current Giveaways &#8211; Motor Culture Australia",
            "headline": "1 DAY ONLY! Mercedes AMG C63S ¬∑ 1 WEEK ONLY: Brand New INEOS Grenadier ¬∑ 1 DAY ONLY: $100,000 Cash Giveaway ¬∑ 2023 Honda Civic Type R ¬∑ 1 Week Only: Brand New 2024 ...",
            "type": "PRIZE",
            "heroCount": null,
            "totalWinners": null,
            "cadence": null,
            "prizeItems": [
              "data",
              "car",
              "cash",
              "trip"
            ],
            "prizeValueHint": "$100,000",
            "confidence": 0.6,
            "viaRedemption": false,
            "giftCard": null
          },
          {
            "brand": "RSREWARDS",
            "url": "https://rsrewards.com.au/competition",
            "source": "Source: rsrewards.com.au (https://rsrewards.com.au/competition)",
            "title": "RS Rewards - Australia's Best Rewards Club",
            "headline": "Join RS Rewards for monthly prize draws and exclusive competitions. Win amazing prizes including cash, gift cards, and more. Enter our monthly raffles ...",
            "type": "PRIZE",
            "heroCount": null,
            "totalWinners": null,
            "cadence": "weekly",
            "prizeItems": [
              "cash",
              "gift card",
              "car",
              "trip",
              "data",
              "plan",
              "plans"
            ],
            "prizeValueHint": "$20",
            "confidence": 0.6,
            "viaRedemption": false,
            "giftCard": null
          },
          {
            "brand": "REDBULL",
            "url": "https://www.redbull.com/au-en/events/red-bull-dance-your-style-national-finals-australia",
            "source": "Source: redbull.com (https://www.redbull.com/au-en/events/red-bull-dance-your-style-national-finals-australia)",
            "title": "Red Bull Dance Your Style Final Australia 2025",
            "headline": "Red Bull Dance Your Style is a 1v1 Street Dance battle competition where Australia's best street dancers dance to unpredictable music hits and the crowd ...",
            "type": "PRIZE",
            "heroCount": null,
            "totalWinners": null,
            "cadence": null,
            "prizeItems": [
              "data",
              "car"
            ],
            "prizeValueHint": null,
            "confidence": 0.6,
            "viaRedemption": false,
            "giftCard": null
          },
          {
            "brand": "MASTERSOFCHOREOGRAPHY",
            "url": "https://www.mastersofchoreography.com/udo-australia",
            "source": "Source: mastersofchoreography.com (https://www.mastersofchoreography.com/udo-australia)",
            "title": "UDO AUSTRALIA | Masters Of Choreogra",
            "headline": "UDO Australia falls under the Masters of Choreography umbrella and is our National Street Dance competition which we have hosted since 2015.",
            "type": "PRIZE",
            "heroCount": null,
            "totalWinners": null,
            "cadence": null,
            "prizeItems": [
              "tv",
              "data",
              "car",
              "plans",
              "trip",
              "giftcard",
              "plan"
            ],
            "prizeValueHint": null,
            "confidence": 0.6,
            "viaRedemption": false,
            "giftCard": null
          },
          {
            "brand": "DARLINGHARBOUR",
            "url": "https://www.darlingharbour.com/whats-on/archive/events/beat-breakdown",
            "source": "Source: darlingharbour.com (https://www.darlingharbour.com/whats-on/archive/events/beat-breakdown)",
            "title": "Beat Breakdown - Battle it out at Sydney&#39;s 1v1 Street Dance Showdown in Darling Harbour | Darling Harbour",
            "headline": "Beat Breakdown",
            "type": "PRIZE",
            "heroCount": null,
            "totalWinners": null,
            "cadence": "weekly",
            "prizeItems": [
              "data",
              "car",
              "plan"
            ],
            "prizeValueHint": null,
            "confidence": 0.6,
            "viaRedemption": false,
            "giftCard": null
          },
          {
            "brand": "TRANSPORT",
            "url": "https://www.transport.nsw.gov.au/industry/cities-and-active-transport/cities-revitalisation-and-place/festival-of-place/creative-3",
            "source": "Source: transport.nsw.gov.au (https://www.transport.nsw.gov.au/industry/cities-and-active-transport/cities-revitalisation-and-place/festival-of-place/creative-3)",
            "title": "Public Space Ideas Competition | Transport for NSW",
            "headline": "The Ideas Competition aimed to shape a new conversation about public space in Sydney and was delivered in partnership with the Committee for Sydney.",
            "type": "PRIZE",
            "heroCount": null,
            "totalWinners": null,
            "cadence": null,
            "prizeItems": [
              "car",
              "data",
              "tv",
              "trip",
              "plan"
            ],
            "prizeValueHint": null,
            "confidence": 0.6,
            "viaRedemption": false,
            "giftCard": null
          },
          {
            "brand": "NUTELLA",
            "url": "https://www.nutella.com/au/en/xp/nutella-x-kinder-biscuits/faq/",
            "source": "Source: nutella.com (https://www.nutella.com/au/en/xp/nutella-x-kinder-biscuits/faq/)",
            "title": "Nutella x Kinder Biscuits promotion",
            "headline": "Frequently Asked Questions",
            "type": "PRIZE",
            "heroCount": null,
            "totalWinners": null,
            "cadence": "instant",
            "prizeItems": [
              "data",
              "gift card",
              "car"
            ],
            "prizeValueHint": "$100",
            "confidence": 0.6,
            "viaRedemption": false,
            "giftCard": null
          },
          {
            "brand": "KINDER",
            "url": "https://www.kinder.com/au/en/xp/kinderbuenosoundbreaks/term-conditions",
            "source": "Source: kinder.com (https://www.kinder.com/au/en/xp/kinderbuenosoundbreaks/term-conditions)",
            "title": "T&amp;C | Kinder Bueno Sound Breaks",
            "headline": "All provisional winners are subject to verification. Upon verification, winners will be sent their prize. Total prize pool. The total prize pool is AU$43,022.",
            "type": "PRIZE",
            "heroCount": 1,
            "totalWinners": null,
            "cadence": "daily",
            "prizeItems": [
              "data",
              "car",
              "holiday",
              "cash",
              "plan"
            ],
            "prizeValueHint": "$439",
            "confidence": 0.6,
            "viaRedemption": false,
            "giftCard": null
          },
          {
            "brand": "NUTELLA",
            "url": "https://www.nutella.com/au/en/xp/nutella-x-kinder-biscuits/winners/",
            "source": "Source: nutella.com (https://www.nutella.com/au/en/xp/nutella-x-kinder-biscuits/winners/)",
            "title": "Winners - Nutella",
            "headline": "Winners",
            "type": "PRIZE",
            "heroCount": null,
            "totalWinners": null,
            "cadence": null,
            "prizeItems": [
              "data",
              "gift card",
              "car"
            ],
            "prizeValueHint": "$10,000",
            "confidence": 0.6,
            "viaRedemption": false,
            "giftCard": null
          },
          {
            "brand": "KINDER",
            "url": "https://www.kinder.com/au/en/kinder-natoons-consumer-promotion-faq",
            "source": "Source: kinder.com (https://www.kinder.com/au/en/kinder-natoons-consumer-promotion-faq)",
            "title": "Kinder Natoons Consumer Promotion FAQ - Kinder Australia and New Zealand",
            "headline": "Kinder Natoons Consumer Promotion FAQ",
            "type": "PRIZE",
            "heroCount": null,
            "totalWinners": null,
            "cadence": "daily",
            "prizeItems": [
              "car",
              "data",
              "tv"
            ],
            "prizeValueHint": null,
            "confidence": 0.6,
            "viaRedemption": false,
            "giftCard": null
          },
          {
            "brand": "TCGPROMO",
            "url": "https://tcgpromo.com.au/au/en/xp/win/terms-lavazza/",
            "source": "Source: tcgpromo.com.au (https://tcgpromo.com.au/au/en/xp/win/terms-lavazza/)",
            "title": "Terms-Lavazza | Nutella¬†DeLonghi Promotion",
            "headline": "All draws will take place at 3:30pm AEST/AEDT (5:30pm NZDT) at Handling Matters Pty Ltd, Unit 40, 1-5 Thew Parade, Cromer NSW 2099 on the dates specified in the ...",
            "type": "PRIZE",
            "heroCount": 250,
            "totalWinners": null,
            "cadence": null,
            "prizeItems": [
              "data",
              "car",
              "gift card",
              "cash",
              "plan"
            ],
            "prizeValueHint": "$15",
            "confidence": 0.6,
            "viaRedemption": false,
            "giftCard": null
          },
          {
            "brand": "Woolworths",
            "url": "https://www.lottos.com.au/competitions/viewthreadlite.php?tid=672336",
            "source": "Source: lottos.com.au (https://www.lottos.com.au/competitions/viewthreadlite.php?tid=672336)",
            "title": "Verifying...",
            "headline": "The winner of the Major Prize Draw will win one (1) $10,000 EFTPOS Gift Card. Total prize pool. The total prize pool is AU$50,000. How many ...",
            "type": "PRIZE",
            "heroCount": null,
            "totalWinners": null,
            "cadence": null,
            "prizeItems": [
              "data"
            ],
            "prizeValueHint": null,
            "confidence": 0.6,
            "viaRedemption": false,
            "giftCard": null
          },
          {
            "brand": "KINDER",
            "url": "https://www.kinder.com/au/en/win",
            "source": "Source: kinder.com (https://www.kinder.com/au/en/win)",
            "title": "Win - Kinder Australia and New Zealand",
            "headline": "Enter for a chance to win 1 of 1500 Natoons Adventure Boards.",
            "type": "PRIZE",
            "heroCount": 150,
            "totalWinners": null,
            "cadence": null,
            "prizeItems": [
              "data",
              "car"
            ],
            "prizeValueHint": null,
            "confidence": 0.6,
            "viaRedemption": false,
            "giftCard": null
          },
          {
            "brand": "AP-SOUTHEAST-2",
            "url": "https://ap-southeast-2.graphassets.com/AY4aDPEmTRrKdZ4jgHiscz/cmbr6yjzfyqw6072vyro8jeep",
            "source": "Source: ap-southeast-2.graphassets.com (https://ap-southeast-2.graphassets.com/AY4aDPEmTRrKdZ4jgHiscz/cmbr6yjzfyqw6072vyro8jeep)",
            "title": "PR240643 - Conversion - Nutella and Kinder Biscuits Promotion",
            "headline": "Entries open at 12:00am AEST on 16/07/25 and close at 11:59pm AEST on 26/08/25. (‚ÄúCompetition Period‚Äù). Who can enter?",
            "type": "PRIZE",
            "heroCount": null,
            "totalWinners": null,
            "cadence": null,
            "prizeItems": [
              "tv",
              "giftcard",
              "car"
            ],
            "prizeValueHint": "$79",
            "confidence": 0.6,
            "viaRedemption": false,
            "giftCard": null
          },
          {
            "brand": "FERRERO",
            "url": "https://www.ferrero.com/int/en/news-stories/news/tic-tac-launches-new-choose-your-match-campaign",
            "source": "Source: ferrero.com (https://www.ferrero.com/int/en/news-stories/news/tic-tac-launches-new-choose-your-match-campaign)",
            "title": "Tic Tac Launches &#039;Choose Your Match&#039; Campaign - Vote for the Next Limited-Edition Flavor | Ferrero",
            "headline": "Join Tic Tac's 'Choose Your Match' campaign and help decide the next limited-edition flavor! Explore new refreshing Tic Tac flavors, ...",
            "type": "PRIZE",
            "heroCount": null,
            "totalWinners": null,
            "cadence": null,
            "prizeItems": [
              "car",
              "plan",
              "data",
              "trip",
              "tv"
            ],
            "prizeValueHint": null,
            "confidence": 0.6,
            "viaRedemption": false,
            "giftCard": null
          },
          {
            "brand": "EMPORIUMSHOWBAGS",
            "url": "https://emporiumshowbags.com.au/terms-and-conditions/",
            "source": "Source: emporiumshowbags.com.au (https://emporiumshowbags.com.au/terms-and-conditions/)",
            "title": "Terms and Conditions | Emporium Showbags",
            "headline": "Winners will be posted on @‚Äåemporiumshowbags Instagram stories at 7pm Wednesday 24th September 2025 AEDT. Winner will be contacted through our official ...",
            "type": "PRIZE",
            "heroCount": null,
            "totalWinners": null,
            "cadence": null,
            "prizeItems": [
              "data",
              "car",
              "cash",
              "gift card",
              "voucher",
              "tv"
            ],
            "prizeValueHint": "$500",
            "confidence": 0.6,
            "viaRedemption": false,
            "giftCard": null
          },
          {
            "brand": "Gelatissimo",
            "url": "https://gelatissimo.com.au/gelatissimo-marion-birthday-giveaway-tcs/",
            "source": "Source: gelatissimo.com.au (https://gelatissimo.com.au/gelatissimo-marion-birthday-giveaway-tcs/)",
            "title": "Gelatissimo Marion Birthday Giveaway T&amp;Cs - Gelatissimo",
            "headline": "Gelatissimo Marion Birthday Giveaway T&#038;Cs",
            "type": "PRIZE",
            "heroCount": null,
            "totalWinners": null,
            "cadence": "daily",
            "prizeItems": [
              "data",
              "car",
              "gift card",
              "cash",
              "tv"
            ],
            "prizeValueHint": "$500",
            "confidence": 0.6,
            "viaRedemption": false,
            "giftCard": null
          },
          {
            "brand": "GELATISSIMO",
            "url": "https://gelatissimo.com.au/social-competition-terms-conditions/",
            "source": "Source: gelatissimo.com.au (https://gelatissimo.com.au/social-competition-terms-conditions/)",
            "title": "Social Competitions - Terms &amp; Conditions - Gelatissimo",
            "headline": "Social Competitions &#8211; Terms &#038; Conditions",
            "type": "PRIZE",
            "heroCount": null,
            "totalWinners": null,
            "cadence": "daily",
            "prizeItems": [
              "data",
              "car",
              "gift card",
              "cash",
              "tv"
            ],
            "prizeValueHint": "$20",
            "confidence": 0.6,
            "viaRedemption": false,
            "giftCard": null
          },
          {
            "brand": "GELATISSIMO",
            "url": "https://gelatissimo.com.au/turtally-awesome-colouring-in-competition/",
            "source": "Source: gelatissimo.com.au (https://gelatissimo.com.au/turtally-awesome-colouring-in-competition/)",
            "title": "Turtally Awesome Colouring In Competition - Gelatissimo",
            "headline": "Turtally Awesome Colouring In Competition",
            "type": "PRIZE",
            "heroCount": 46,
            "totalWinners": null,
            "cadence": "daily",
            "prizeItems": [
              "data",
              "car",
              "cash",
              "plan",
              "gift card",
              "tv"
            ],
            "prizeValueHint": "$49",
            "confidence": 0.6,
            "viaRedemption": false,
            "giftCard": null
          },
          {
            "brand": "GELATISSIMO",
            "url": "https://gelatissimo.com.au/celebrate-mont-blanc-moccamaster-giveaway-tcs/",
            "source": "Source: gelatissimo.com.au (https://gelatissimo.com.au/celebrate-mont-blanc-moccamaster-giveaway-tcs/)",
            "title": "Celebrate Mont Blanc - Moccamaster Giveaway T&amp;Cs - Gelatissimo",
            "headline": "Celebrate Mont Blanc &#8211; Moccamaster Giveaway T&#038;Cs",
            "type": "PRIZE",
            "heroCount": null,
            "totalWinners": null,
            "cadence": "daily",
            "prizeItems": [
              "data",
              "car",
              "cash",
              "gift card",
              "tv"
            ],
            "prizeValueHint": "$600",
            "confidence": 0.6,
            "viaRedemption": false,
            "giftCard": null
          },
          {
            "brand": "Gelatissimo",
            "url": "https://gelatissimo.com.au/gelatissimo-x-transformers-one-merchandise-competition-terms-conditions/",
            "source": "Source: gelatissimo.com.au (https://gelatissimo.com.au/gelatissimo-x-transformers-one-merchandise-competition-terms-conditions/)",
            "title": "Gelatissimo x TRANSFORMERS ONE Merchandise Competition Terms &amp; Conditions - Gelatissimo",
            "headline": "Gelatissimo x TRANSFORMERS ONE Merchandise Competition Terms &#038; Conditions",
            "type": "PRIZE",
            "heroCount": 15,
            "totalWinners": null,
            "cadence": "daily",
            "prizeItems": [
              "data",
              "car",
              "cash",
              "plan",
              "gift card",
              "tv"
            ],
            "prizeValueHint": "$500",
            "confidence": 0.6,
            "viaRedemption": false,
            "giftCard": null
          }
        ]
      },
      "retailers": {
        "names": [
          "Coles",
          "Woolworths",
          "ALDI",
          "IGA",
          "7-Eleven",
          "IGA / Metcash",
          "Convenience chains (7-Eleven, NightOwl)"
        ],
        "facts": [
          {
            "claim": "Shop Wicked Sister Products Online ‚Äî Spend $20 in one transaction, scan your Flybuys and receive one bonus ... Coles Online - Hawthorn East, Victoria Australia 3123 ¬© Copyright Coles 2025 ...",
            "source": "Source: coles.com.au (https://www.coles.com.au/brands/wicked-sister-2243304464?srsltid=AfmBOorYQ8EpCARESOfggSYw6a0kH6Cd3I8WTHdJ2uPnxIgPwdEmQSyX)"
          },
          {
            "claim": "Shop Wicked Products Online ‚Äî Wicked Sister High Protein Chocolate Pudding | 170g. Wicked Sister High Protein Chocolate Pudding | 170g. $3.30. $1.94 per 100g.",
            "source": "Source: coles.com.au (https://www.coles.com.au/brands/wicked-209964905?srsltid=AfmBOortoQhVbLxDlHASP978vo60t2xIrbty54sQNgLP1XZNkHeuMoVj)"
          },
          {
            "claim": "Shop Wicked Sister Products Online ‚Äî Shop your way at Coles. Our range of Wicked Sister products at everyday low prices you know and trust. Shop online and get home delivery or click and ...",
            "source": "Source: coles.com.au (https://www.coles.com.au/brands/wicked-sister-2243304464?srsltid=AfmBOophw4pZ-ovAdz4Yo1Wu-oOmT-q36A_DguVvm1KJ1Y5teT7wiTKK)"
          },
          {
            "claim": "Browse Frozen Desserts ‚Äî Frozen Desserts ; Sara Lee Lemon Cheesecake | 410g ¬∑ $2.20 per 100g ; Sara Lee Frozen Chocolate Buttercake | 350g ¬∑ $2.57 per 100g ; Sara Lee ...",
            "source": "Source: coles.com.au (https://www.coles.com.au/browse/frozen/frozen-desserts?srsltid=AfmBOoqADk4B-Ru-b16VsUXkYkjrkoV-PHhDU49mf67OBdGP2in7EG7t)"
          },
          {
            "claim": "Browse Assorted Desserts ‚Äî Assorted Desserts ; Sara Lee Frozen Chocolate Buttercake | 350g ¬∑ $9.00. $2.57 per 100g ; Coles Finest Triple Chocolate Buche | 470g ¬∑ $18.00.",
            "source": "Source: coles.com.au (https://www.coles.com.au/browse/frozen/frozen-desserts/assorted-desserts?srsltid=AfmBOoqLhpCXuJ8382fayyc4PQ8RPG3OAm3owlAHdkMPjR1g9IWQL5_N)"
          },
          {
            "claim": "Browse Frozen ‚Äî Binggrae Samanco Dessert Sandwich 4 Pack. Frozen dessert with strawberry or red bean flavours. Shop Now.",
            "source": "Source: coles.com.au (https://www.coles.com.au/browse/frozen?srsltid=AfmBOooaZxqdFdACnLS3yFGQgsu_guylkITN7tX67HTQrC-MnBEEpot1)"
          },
          {
            "claim": "Browse Ice Cream ‚Äî Proud & Punch Coconuts For Mango Frozen Dessert 6 Pack | 450mL. Proud & Punch Coconuts For Mango Frozen Dessert 6 Pack | 450mL. $4.25.",
            "source": "Source: coles.com.au (https://www.coles.com.au/browse/frozen/ice-cream?srsltid=AfmBOopKVUD0tKALr3q2cigrPI24lPrC5JUNTGfeZWP0tHdIiJ964h_W)"
          },
          {
            "claim": "Browse Cakes & Cheesecakes ‚Äî Sara Lee Lemon Cheesecake | 410g ¬∑ $2.20 per 100g ; Sara Lee Frozen Chocolate Buttercake | 350g ¬∑ $2.57 per 100g ; Sara Lee Frozen Chocolate ...",
            "source": "Source: coles.com.au (https://www.coles.com.au/browse/frozen/frozen-desserts/cakes-cheesecakes?srsltid=AfmBOoqRuWbhAPkO3Sbtpqm1KvK3E9gS8F9j4TO18tYXyN36IOJMwGxq)"
          }
        ]
      },
      "season": {
        "label": "Spring in Australia",
        "facts": []
      },
      "market": {
        "facts": [
          {
            "claim": "Bridging the gap: Trends and challenges in grocery and retail ‚Äî With consumers increasingly seeking convenience, food-to-go and meal solutions are becoming increasingly popular. While many grocery retailers ...",
            "source": "Source: retail.org.au (https://www.retail.org.au/news-and-insights/bridging-the-gap-trends-and-challenges-in-grocery-and-retail)"
          },
          {
            "claim": "Supermarkets and Grocery Stores in Australia ‚Äî Trends and Insights ¬∑ ACCC's supermarket inquiry has highlighted key industry dynamics. ¬∑ Changing consumer trends are causing a shift in store product mixes.",
            "source": "Source: ibisworld.com (https://www.ibisworld.com/australia/industry/supermarkets-and-grocery-stores/1834/)"
          },
          {
            "claim": "Australian Retail Outlook 2025 ‚Äî Retail sector trends and insights for 2025, including digital evolution, customer experience, sustainability and supply chain optimisation.",
            "source": "Source: kpmg.com (https://kpmg.com/au/en/insights/industry/australian-retail-outlook.html)"
          },
          {
            "claim": "People infer better odds when many winners are visible; cadence visibility (e.g., daily awards) increases perceived fairness.",
            "source": "Source: indicative (behavioural marketing literature)"
          }
        ]
      },
      "signals": {
        "facts": [
          {
            "claim": "Client: Wicked Sister",
            "source": "Source: brief"
          },
          {
            "claim": "Brand: Wicked Sister",
            "source": "Source: brief"
          },
          {
            "claim": "Campaign objective: Drive two-pack purchases and capture opted-in dessert fans before the Wicked film release.",
            "source": "Source: brief"
          },
          {
            "claim": "Promotion type: INSTANT_WIN",
            "source": "Source: brief"
          },
          {
            "claim": "Mechanic: Buy 2 products, upload receipts and discover instantly if you‚Äôve scored a movie ticket.",
            "source": "Source: brief"
          },
          {
            "claim": "Hook: Win a Movie Ticket Instantly",
            "source": "Source: brief"
          },
          {
            "claim": "Channels: In-store",
            "source": "Source: brief"
          },
          {
            "claim": "Channels: Social",
            "source": "Source: brief"
          },
          {
            "claim": "Channels: Digital",
            "source": "Source: brief"
          },
          {
            "claim": "Channels: Influencer",
            "source": "Source: brief"
          },
          {
            "claim": "Channels: Retail Media",
            "source": "Source: brief"
          },
          {
            "claim": "Channels: GROCERY",
            "source": "Source: brief"
          },
          {
            "claim": "Channels: CONVENIENCE",
            "source": "Source: brief"
          },
          {
            "claim": "Season/theme: Spring",
            "source": "Source: brief"
          },
          {
            "claim": "Staff burden: ZERO",
            "source": "Source: brief"
          },
          {
            "claim": "Proof requirement: FULL_RECEIPT",
            "source": "Source: brief"
          },
          {
            "claim": "Entry mechanic cues: Win a Movie Ticket Instantly",
            "source": "Source: brief"
          },
          {
            "claim": "Entry mechanic cues: Buy 2 products, upload receipts and discover instantly if you‚Äôve scored a movie ticket.",
            "source": "Source: brief"
          },
          {
            "claim": "Campaign title: Spring Movie Launch",
            "source": "Source: brief"
          },
          {
            "claim": "IP tie-in briefed (licensed): Wicked ‚Äî For Good | type: FILM | window: November 2025.",
            "source": "Source: brief"
          },
          {
            "claim": "Recent promos show hero prize counts clustering around ~35.5 (mode ‚âà 1).",
            "source": "Source: indicative (live promo scan)"
          },
          {
            "claim": "Cadence cues common in-market: instant & weekly & daily.",
            "source": "Source: indicative (live promo scan)"
          }
        ]
      },
      "benchmarks": {
        "heroPrize": {
          "median": 35.5,
          "mode": 1
        },
        "cadenceShare": {
          "instant": 0.3529411764705883,
          "weekly": 0.2352941176470588,
          "daily": 0.4117647058823529
        },
        "manyWinnersShare": 0,
        "prizeCountsObserved": {
          "total": 10,
          "common": [
            {
              "count": 1,
              "share": 0.2
            },
            {
              "count": 150,
              "share": 0.2
            },
            {
              "count": 3,
              "share": 0.1
            }
          ]
        },
        "recommendedHeroCount": 3,
        "positionVsMarket": "UNKNOWN"
      },
      "meta": {
        "level": "MAX",
        "warnings": [],
        "usedFallbacks": [],
        "searchProvider": "serper",
        "logs": [
          "search:serper:The Wicked Sisters shopper promotion AU -> 6",
          "search:serper:The Wicked Sisters Coles promotion AU -> 6",
          "search:serper:Frozen dessert Australia market trend -> 6",
          "search:serper:Australia grocery & convenience retail trends -> 6",
          "search:serper:The Wicked Sisters shopper insights AU -> 6",
          "search:serper:Frozen dessert promotion Australia -> 6",
          "search:serper:The Wicked Sisters consumer insights AU -> 6",
          "search:serper:The Wicked Sisters consumer research AU -> 6",
          "search:serper:The Wicked Sisters Coles activation Australia -> 6",
          "search:serper:Frozen dessert category growth Australia -> 6",
          "search:serper:The Wicked Sisters brand campaign AU -> 6",
          "search:serper:The Wicked Sisters buyer insight AU -> 6",
          "search:serper:The Wicked Sisters Coles buyer pitch -> 6",
          "search:serper:The Wicked Sisters market share AU -> 6",
          "search:serper:The Wicked Sisters audience profile Australia -> 6",
          "search:serper:The Wicked Sisters Drive two-pack purchases and capture opted-in dessert fans before the Wicked film release. promotion AU -> 6",
          "search:serper:The Wicked Sisters Coles range review -> 6",
          "search:serper:The Wicked Sisters category performance AU -> 6",
          "search:serper:Primary grocery buyers shopper insights AU -> 6",
          "search:serper:The Wicked Sisters Coles case study -> 6",
          "search:serper:The Wicked Sisters Win a Movie Ticket Instantly promotion AU -> 6",
          "search:serper:The Wicked Sisters sales growth AU -> 6",
          "search:serper:Primary grocery buyers promotion response AU -> 6",
          "search:serper:The Wicked Sisters Woolworths promotion AU -> 6",
          "search:serper:The Wicked Sisters Buy 2 products, upload receipts and discover instantly if you‚Äôve scored a movie ticket. promotion AU -> 6",
          "search:serper:The Wicked Sisters Woolworths activation Australia -> 6",
          "search:serper:The Wicked Sisters Australia -> 6",
          "search:serper:They reward the family with purposeful treats that feel magical but still practical. shopper insights AU -> 6",
          "search:serper:The Wicked Sisters prize draw Australia -> 6",
          "search:serper:The Wicked Sisters Woolworths buyer pitch -> 6",
          "search:serper:They reward the family with purposeful treats that feel magical but still practical. promotion response AU -> 6",
          "search:serper:Plans movie nights, shares dessert finds on social, responds to retailer app notifications. shopper insights AU -> 6",
          "search:serper:The Wicked Sisters Woolworths range review -> 6",
          "search:serper:The Wicked Sisters Woolworths case study -> 6",
          "search:serper:Plans movie nights, shares dessert finds on social, responds to retailer app notifications. promotion response AU -> 6",
          "search:serper:In-store shopper behaviour AU -> 6",
          "search:serper:The Wicked Sisters ALDI promotion AU -> 6",
          "search:serper:The Wicked Sisters ALDI activation Australia -> 6",
          "search:serper:Social shopper behaviour AU -> 6",
          "search:serper:The Wicked Sisters ALDI buyer pitch -> 6",
          "search:serper:Digital shopper behaviour AU -> 6",
          "search:serper:Influencer shopper behaviour AU -> 6",
          "search:serper:The Wicked Sisters ALDI range review -> 6",
          "search:serper:The Wicked Sisters ALDI case study -> 6",
          "search:serper:Australia grocery shopper promotion trends -> 6",
          "search:serper:The Wicked Sisters IGA promotion AU -> 6",
          "search:serper:front-of-store impulse purchase research Australia -> 6",
          "search:serper:The Wicked Sisters IGA activation Australia -> 6",
          "search:serper:AU retail promotional response study -> 6",
          "search:serper:The Wicked Sisters IGA buyer pitch -> 6",
          "search:serper:The Wicked Sisters IGA range review -> 6",
          "search:serper:The Wicked Sisters IGA case study -> 6",
          "search:serper:The Wicked Sisters 7-Eleven promotion AU -> 6",
          "search:serper:The Wicked Sisters 7-Eleven activation Australia -> 6",
          "search:serper:The Wicked Sisters 7-Eleven buyer pitch -> 6",
          "search:serper:The Wicked Sisters 7-Eleven range review -> 6",
          "search:serper:The Wicked Sisters 7-Eleven case study -> 6",
          "search:serper:The Wicked Sisters IGA / Metcash promotion AU -> 6",
          "search:serper:The Wicked Sisters IGA / Metcash activation Australia -> 6",
          "search:serper:The Wicked Sisters IGA / Metcash buyer pitch -> 2",
          "search:serper:The Wicked Sisters IGA / Metcash range review -> 6",
          "search:serper:The Wicked Sisters IGA / Metcash case study -> 6",
          "search:serper:The Wicked Sisters Convenience chains (7-Eleven, NightOwl) promotion AU -> 6",
          "search:serper:The Wicked Sisters Convenience chains (7-Eleven, NightOwl) activation Australia -> 6",
          "search:serper:The Wicked Sisters Convenience chains (7-Eleven, NightOwl) buyer pitch -> 6",
          "search:serper:The Wicked Sisters Convenience chains (7-Eleven, NightOwl) range review -> 6",
          "search:serper:The Wicked Sisters Convenience chains (7-Eleven, NightOwl) case study -> 6",
          "search:serper:The Wicked Sisters ranging Australia -> 6",
          "search:serper:The Wicked Sisters retail buyer feedback -> 6",
          "search:serper:The Wicked Sisters supermarket partnership Australia -> 6",
          "search:serper:Coles freezer space Frozen dessert AU -> 5",
          "search:serper:Frozen dessert treat cost of living AU -> 5",
          "search:serper:Coles range review Frozen dessert AU -> 5",
          "search:serper:Frozen dessert grocery budget indulgence AU -> 5",
          "search:serper:Coles shelf space competition Frozen dessert -> 5",
          "search:serper:Frozen dessert family dessert sharing insight -> 5",
          "search:serper:Woolworths freezer space Frozen dessert AU -> 5",
          "search:serper:Frozen dessert shopper mum buying for family -> 5",
          "search:serper:Woolworths range review Frozen dessert AU -> 5",
          "search:serper:Woolworths shelf space competition Frozen dessert -> 5",
          "search:serper:Frozen dessert affordable luxury Australia -> 5",
          "search:serper:ALDI freezer space Frozen dessert AU -> 5",
          "search:serper:cost of living grocery treat australia -> 5",
          "search:serper:ALDI range review Frozen dessert AU -> 5",
          "search:serper:grocery buyer vs eater insight australia -> 5",
          "search:serper:The Wicked Sisters shopper insight australia -> 5",
          "search:serper:ALDI shelf space competition Frozen dessert -> 5",
          "search:serper:The Wicked Sisters cost of living -> 5",
          "search:serper:IGA freezer space Frozen dessert AU -> 5",
          "search:serper:The Wicked Sisters treat mom insight -> 5",
          "search:serper:IGA range review Frozen dessert AU -> 5",
          "search:serper:IGA shelf space competition Frozen dessert -> 5",
          "search:serper:7-Eleven freezer space Frozen dessert AU -> 5",
          "search:serper:7-Eleven range review Frozen dessert AU -> 5",
          "search:serper:7-Eleven shelf space competition Frozen dessert -> 5",
          "search:serper:IGA / Metcash freezer space Frozen dessert AU -> 5",
          "search:serper:IGA / Metcash range review Frozen dessert AU -> 5",
          "search:serper:IGA / Metcash shelf space competition Frozen dessert -> 5",
          "search:serper:The Wicked Sisters Coles ranging -> 5",
          "search:serper:The Wicked Sisters Woolworths range -> 5",
          "search:serper:The Wicked Sisters freezer facings Australia -> 5",
          "search:serper:Frozen dessert freezer space Australia -> 5",
          "search:serper:Frozen dessert shelf share supermarket -> 5",
          "search:serper:Frozen dessert private label competition Australia -> 5",
          "search:serper:Frozen dessert range review Coles -> 5",
          "search:serper:Frozen dessert range review Woolworths -> 5",
          "search:serper:Frozen dessert independent grocer freezer -> 5",
          "search:serper:Rokeby Farms freezer space Coles -> 5",
          "search:serper:Rokeby Farms Woolworths freezer -> 5",
          "search:serper:Priestley‚Äôs Gourmet Delights freezer space Coles -> 5",
          "search:serper:Priestley‚Äôs Gourmet Delights Woolworths freezer -> 5",
          "search:serper:Jillian's Cakery freezer space Coles -> 5",
          "search:serper:Rokeby Farms promotion AU -> 6",
          "search:serper:Rokeby Farms competition AU -> 6",
          "search:serper:Priestley‚Äôs Gourmet Delights promotion AU -> 6",
          "search:serper:Priestley‚Äôs Gourmet Delights competition AU -> 6",
          "search:serper:Jillian's Cakery promotion AU -> 6",
          "search:serper:Jillian's Cakery competition AU -> 6",
          "search:serper:Belle Fleur promotion AU -> 6",
          "search:serper:Belle Fleur competition AU -> 6",
          "search:serper:Beak & Johnston promotion AU -> 6",
          "search:serper:Beak & Johnston competition AU -> 6",
          "search:serper:Carman's promotion AU -> 6",
          "search:serper:Carman's competition AU -> 6",
          "search:serper:Pauls PLUS+ promotion AU -> 6",
          "search:serper:Pauls PLUS+ competition AU -> 6",
          "search:serper:Chobani promotion AU -> 6",
          "search:serper:Chobani competition AU -> 6",
          "search:serper:Rokeby Farms brand overview AU -> 6",
          "search:serper:Rokeby Farms chilled dessert brand Australia -> 6",
          "search:serper:Rokeby Farms shopper insight AU -> 6",
          "search:serper:Rokeby Farms retail distribution Australia -> 6",
          "search:serper:The Wicked Sisters vs Rokeby Farms -> 6",
          "search:serper:The Wicked Sisters and Rokeby Farms market share -> 6",
          "search:serper:The Wicked Sisters Rokeby Farms comparison Australia -> 6",
          "search:serper:Priestley‚Äôs Gourmet Delights brand overview AU -> 6",
          "search:serper:Priestley‚Äôs Gourmet Delights chilled dessert brand Australia -> 6",
          "search:serper:Priestley‚Äôs Gourmet Delights shopper insight AU -> 6",
          "search:serper:Priestley‚Äôs Gourmet Delights retail distribution Australia -> 6",
          "search:serper:The Wicked Sisters vs Priestley‚Äôs Gourmet Delights -> 6",
          "search:serper:The Wicked Sisters and Priestley‚Äôs Gourmet Delights market share -> 6",
          "search:serper:The Wicked Sisters Priestley‚Äôs Gourmet Delights comparison Australia -> 6",
          "search:serper:Jillian's Cakery brand overview AU -> 6",
          "search:serper:Jillian's Cakery chilled dessert brand Australia -> 6",
          "search:serper:Jillian's Cakery shopper insight AU -> 6",
          "search:serper:Jillian's Cakery retail distribution Australia -> 6",
          "search:serper:The Wicked Sisters vs Jillian's Cakery -> 6",
          "search:serper:The Wicked Sisters and Jillian's Cakery market share -> 6",
          "search:serper:The Wicked Sisters Jillian's Cakery comparison Australia -> 6",
          "search:serper:Belle Fleur brand overview AU -> 6",
          "search:serper:Belle Fleur chilled dessert brand Australia -> 6",
          "search:serper:Belle Fleur shopper insight AU -> 6",
          "search:serper:Belle Fleur retail distribution Australia -> 6",
          "search:serper:The Wicked Sisters vs Belle Fleur -> 6",
          "search:serper:The Wicked Sisters and Belle Fleur market share -> 6",
          "search:serper:The Wicked Sisters Belle Fleur comparison Australia -> 6",
          "search:serper:Beak & Johnston brand overview AU -> 6",
          "search:serper:Beak & Johnston chilled dessert brand Australia -> 6",
          "search:serper:Beak & Johnston shopper insight AU -> 6",
          "search:serper:Beak & Johnston retail distribution Australia -> 6",
          "search:serper:The Wicked Sisters vs Beak & Johnston -> 6",
          "search:serper:The Wicked Sisters and Beak & Johnston market share -> 6",
          "search:serper:The Wicked Sisters Beak & Johnston comparison Australia -> 6",
          "search:serper:Carman's brand overview AU -> 6",
          "search:serper:Carman's chilled dessert brand Australia -> 6",
          "search:serper:Carman's shopper insight AU -> 6",
          "search:serper:Carman's retail distribution Australia -> 6",
          "search:serper:The Wicked Sisters vs Carman's -> 6",
          "search:serper:The Wicked Sisters and Carman's market share -> 6",
          "search:serper:The Wicked Sisters Carman's comparison Australia -> 6",
          "search:serper:Pauls PLUS+ brand overview AU -> 6",
          "search:serper:Pauls PLUS+ chilled dessert brand Australia -> 6",
          "search:serper:Pauls PLUS+ shopper insight AU -> 6",
          "search:serper:Pauls PLUS+ retail distribution Australia -> 6",
          "search:serper:The Wicked Sisters vs Pauls PLUS+ -> 6",
          "search:serper:The Wicked Sisters and Pauls PLUS+ market share -> 6",
          "editorial:success",
          "catType=GENERIC",
          "liquorSub=UNKNOWN",
          "assured=false",
          "promos_collected=83",
          "benchmarks={\"heroPrize\":{\"median\":35.5,\"mode\":1},\"cadenceShare\":{\"instant\":0.35294117647058826,\"weekly\":0.23529411764705882,\"daily\":0.4117647058823529},\"manyWinnersShare\":0,\"prizeCountsObserved\":{\"total\":10,\"common\":[{\"count\":1,\"share\":0.2},{\"count\":150,\"share\":0.2},{\"count\":3,\"share\":0.1}]},\"recommendedHeroCount\":3,\"positionVsMarket\":\"UNKNOWN\"}"
        ],
        "cachedAt": "2025-11-01T07:36:39.136Z"
      },
      "insights": {
        "brand": [
          {
            "text": "Wicked Sister x Wicked ‚Äî Purchase any two packs of Wicked Sister Products for your chance to instantly win a movie ticket!",
            "source": "wickedsisterwin.com.au"
          },
          {
            "text": "FAQs - Wicked Sister x Wicked ‚Äî Buy any 2 packs of Wicked Sister products in one transaction from a Woolworths store during the Woolworths Exclusive promotion period. Then go ...",
            "source": "wickedsisterwin.com.au"
          },
          {
            "text": "Wicked Sister: Home Page ‚Äî Enjoy wickedly delicious desserts designed for everyday indulgence by Wicked Sister. Explore our wicked range, try recipes and find stockists here.",
            "source": "wickedsister.com.au"
          }
        ],
        "audience": [
          {
            "text": "Wicked Sister goes 'For Good' with new Wicked-inspired ... ‚Äî Chilled dessert brand Wicked Sister has launched limited-edition dessert pots inspired by Wicked: For Good film set to premiere next month.",
            "source": "insidefmcg.com.au"
          },
          {
            "text": "Paul Polly from Wicked Sister | Determined to succeed ‚Äî This is the story of Paul Polly and Wicked Sister desserts. Learn how he went from one pot to a $12 million factory.",
            "source": "nab.com.au"
          },
          {
            "text": "Wicked Sister bulks up protein pudding pack size ‚Äî With 15 grams of protein per serving and available in chocolate, strawberry, banana, along with a new vanilla flavour, these join the wider 170 ...",
            "source": "foodanddrinkbusiness.com.au"
          }
        ],
        "retailers": [
          {
            "text": "Shop Wicked Sister Products Online ‚Äî Spend $20 in one transaction, scan your Flybuys and receive one bonus ... Coles Online - Hawthorn East, Victoria Australia 3123 ¬© Copyright Coles 2025 ...",
            "source": "coles.com.au"
          },
          {
            "text": "Shop Wicked Products Online ‚Äî Wicked Sister High Protein Chocolate Pudding | 170g. Wicked Sister High Protein Chocolate Pudding | 170g. $3.30. $1.94 per 100g.",
            "source": "coles.com.au"
          },
          {
            "text": "Shop Wicked Sister Products Online ‚Äî Shop your way at Coles. Our range of Wicked Sister products at everyday low prices you know and trust. Shop online and get home delivery or click and ...",
            "source": "coles.com.au"
          },
          {
            "text": "Browse Frozen Desserts ‚Äî Frozen Desserts ; Sara Lee Lemon Cheesecake | 410g ¬∑ $2.20 per 100g ; Sara Lee Frozen Chocolate Buttercake | 350g ¬∑ $2.57 per 100g ; Sara Lee ...",
            "source": "coles.com.au"
          }
        ],
        "market": [
          {
            "text": "Bridging the gap: Trends and challenges in grocery and retail ‚Äî With consumers increasingly seeking convenience, food-to-go and meal solutions are becoming increasingly popular. While many grocery retailers ...",
            "source": "retail.org.au"
          },
          {
            "text": "Supermarkets and Grocery Stores in Australia ‚Äî Trends and Insights ¬∑ ACCC's supermarket inquiry has highlighted key industry dynamics. ¬∑ Changing consumer trends are causing a shift in store product mixes.",
            "source": "ibisworld.com"
          },
          {
            "text": "Australian Retail Outlook 2025 ‚Äî Retail sector trends and insights for 2025, including digital evolution, customer experience, sustainability and supply chain optimisation.",
            "source": "kpmg.com"
          }
        ],
        "signals": [
          {
            "text": "Client: Wicked Sister",
            "source": "brief"
          },
          {
            "text": "Brand: Wicked Sister",
            "source": "brief"
          },
          {
            "text": "Campaign objective: Drive two-pack purchases and capture opted-in dessert fans before the Wicked film release.",
            "source": "brief"
          },
          {
            "text": "Promotion type: INSTANT_WIN",
            "source": "brief"
          }
        ],
        "competitors": [
          {
            "text": "Brief competitor: Streets",
            "source": "brief"
          },
          {
            "text": "Rokeby Farms Chocolate Protein Smoothie 6 x 425ml ‚Äî Rokeby Farms Chocolate Protein Smoothie 6 x 425ml is a protein drink providing all 9 essential amino acids while providing sustained energy and fullness.",
            "source": "costco.com.au"
          },
          {
            "text": "Rokeby Farms ‚Äî All Rokeby Farms products are now available with Subscribe & Save ¬∑ Enjoy 5% off on every recurring order!",
            "source": "bulkeatswarehouse.com.au"
          },
          {
            "text": "Rokeby Nutrition ‚Äî Rokeby is a nutrition food company based in Melbourne. We make a range of award-winning dairy products to enjoy as part of a healthy lifestyle.",
            "source": "rokebynutrition.com"
          }
        ]
      },
      "dossier": {
        "brandTruths": [
          {
            "text": "Wicked Sister is leveraging the excitement of the upcoming 'Wicked: For Good' film by launching a limited-edition dessert pot range, aiming to drive consumer engagement through a movie-themed promotion.",
            "source": "insidefmcg.com.au"
          },
          {
            "text": "The brand's promotion offers an instant win mechanic, where purchasing two packs of Wicked Sister products gives consumers a chance to win movie tickets, effectively incentivizing multi-pack purchases.",
            "source": "wickedsisterwin.com.au"
          }
        ],
        "shopperTensions": [
          {
            "text": "Consumers are increasingly seeking convenience and indulgence, yet face cost-of-living pressures that may limit discretionary spending on premium desserts.",
            "source": "retail.org.au"
          },
          {
            "text": "While Wicked Sister positions itself as an everyday indulgence, the need to balance health-conscious choices with indulgence may create tension for health-aware consumers.",
            "source": "wickedsister.com.au"
          }
        ],
        "retailerReality": [
          {
            "text": "Coles and Woolworths dominate the retail landscape, with exclusive promotions like the Wicked Sister x Wicked campaign running through Woolworths, highlighting the retailer's clout in driving brand visibility.",
            "source": "coles.com.au"
          },
          {
            "text": "Freezer congestion in major supermarkets can limit shelf space for new product launches, making strategic partnerships with retailers crucial for visibility.",
            "source": "woolworths.com.au"
          }
        ],
        "competitorMoves": [
          {
            "text": "Rokeby Farms is expanding its product range with high-protein offerings, appealing to health-conscious consumers and potentially diverting attention from indulgent dessert options.",
            "source": "rokebynutrition.com"
          },
          {
            "text": "Competitors like Streets continue to maintain strong market presence, emphasizing the need for Wicked Sister to differentiate through unique promotions and partnerships.",
            "source": "brief"
          }
        ],
        "categorySignals": [
          {
            "text": "The frozen desserts market is projected to grow significantly, with a CAGR of approximately 5.4% from 2024 to 2034, indicating a robust opportunity for brands like Wicked Sister to capture market share.",
            "source": "globalinsightservices.com"
          },
          {
            "text": "The Australian ice cream market is expected to grow at a slower pace, with a 1.51% CAGR, suggesting that innovation and unique marketing strategies will be key to driving growth in the frozen dessert segment.",
            "source": "expertmarketresearch.com.au"
          }
        ],
        "benchmarks": []
      }
    },
    "benchmarks": {
      "cashback": {
        "sample": 0,
        "typicalAbs": null,
        "maxAbs": null,
        "typicalPct": null,
        "maxPct": null,
        "p25": null,
        "p75": null,
        "sources": []
      },
      "prizeCountsObserved": {
        "total": 0,
        "common": []
      },
      "recommendedHeroCount": 3,
      "positionVsMarket": "UNKNOWN"
    },
    "debug": {
      "codeVersion": "v4-eval-prose-au-locked",
      "orchestratorHash": "e111e6a52e",
      "composerHash": "fbaef9a7b3",
      "heuristics": {
        "subs": {
          "opv": 0,
          "pr": 0,
          "iw": 1,
          "freq": 0,
          "friction": 1,
          "prize": 0.5,
          "ras": 0,
          "hci": 1,
          "diff": 1
        },
        "total": 4.5,
        "gates": {
          "opv": false,
          "pr": false,
          "iwOrFreq": true,
          "friction": true,
          "ras": false,
          "comprehension": true
        }
      },
      "strategist_prompt": "Campaign: Wicked Sister ‚Äî Spring Movie Launch (Client: Wicked Sister)\nMarket: AU | Category: Frozen Desserts | Brand position: DISRUPTOR\nBRIEF (facts):\nBrand: Wicked Sister | Client: Wicked Sister | Hook: Win a Movie Ticket Instantly | Mechanic: Buy 2 products, upload receipts and discover instantly if you‚Äôve scored a movie ticket. | Promotion: INSTANT_WIN | Retailers: Coles, Woolworths, ALDI, IGA, 7-Eleven | Calendar: Spring | IP tie-in (licensed): Wicked ‚Äî For Good ‚Äî type: FILM ‚Äî window: November 2025 | Orientation: LIVE | RuleFlex: KEEP | Mode: FORWARD (future/in-flight) | Breadth/cadence winners present: ~2010.\nPROMOTRACK (private guardrails & winning patterns):\nPROMOTRACK GUARDRAILS (private; do not cite verbatim):\n- Hassle: prefer one-screen mobile entry; use QR as a pointer only if natural. Avoid mandatory receipt upload unless clearly warranted.\n- Perceived odds (non-assured value only): hero + visible ladder (instant wins and/or weekly moments) usually outperforms single mega-prize.\n- Retailer ops: zero staff adjudication; ship pre-packed POS; centralise winner comms & fulfilment.\n- Explain-in-5s: staff should pitch in one breath; avoid multi-step or technical terms.\n- Compliance (AU default): RSA/ABAC lines for alcohol; age gate; no consumption cues.\n- Fulfilment: travel prizes need buffers/concierge; publish timelines in T&Cs.\n- KPIs: name ONE primary success metric; align mechanic and value to it.\nUse these guardrails to reduce hassle, improve perceived value/odds where relevant, and de-risk store ops. Prefer simple one-screen flows, central adjudication, and clear staff scripts.\n\nContextual flags:\n- Hassle flag: brief suggests receipt/proof handling. Keep it one-screen and simple; only require uploads if value clearly warrants and OCR is seamless.\n\nRuleFlex: KEEP\nApply guardrails strictly; prefer the simplest compliant path; no novelty for novelty‚Äôs sake.\n\nReminder: recommendations must land store-safe (zero staff burden), keep the hook premium and short.\n\nPRIOR FRAMING (authoritative; do not restate):\nWhere the Demand Is\n\nSpring in Australia is a time of renewal and fresh starts. Consumers are drawn to lighter, indulgent treats as the weather warms up. The frozen dessert market is expanding, with a projected growth rate of 5.4% from 2024 to 2034 (Source: globalinsightservices.com). This growth is driven by a desire for convenient yet premium dessert options. As grocery shopping trends shift towards convenience and indulgence, Wicked Sister is well-positioned to capture attention with its movie-themed promotion.\n\nWho It‚Äôs For & What Stops Them\n\nThe primary audience includes grocery buyers who enjoy treating their families to indulgent desserts. They plan movie nights and share their dessert finds on social media. However, cost-of-living pressures can limit their spending on premium items (Source: retail.org.au). Health-conscious consumers might also hesitate, balancing indulgence with health considerations. These buyers seek value and convenience, making instant win promotions appealing.\n\nCompetitor Map\n\nStreets and Sara Lee are key competitors in the frozen dessert category. Streets maintains a strong presence with classic offerings, while Sara Lee focuses on indulgent, ready-to-serve desserts. Rokeby Farms, with its high-protein products, appeals to health-conscious consumers, potentially diverting attention from more indulgent options (Source: rokebynutrition.com). Wicked Sister's unique movie tie-in and instant win mechanic differentiate it by offering an experiential reward.\n\nBrand Lens (truth, codes to lean/break)\n\nWicked Sister embodies everyday indulgence, aligning with family movie nights through its movie-themed promotions. The brand breaks away from complex entry mechanics and single mega-prizes, focusing instead on instant wins and family rewards. Wicked Sister‚Äôs playful and exciting tone of voice emphasizes the thrill of winning, while its distinctive assets include movie-themed packaging and indulgent dessert messaging.\n\nThe Idea As It Stands\n\nThe current promotion invites consumers to buy two packs of Wicked Sister products for a chance to instantly win a movie ticket. This mechanic encourages multi-pack purchases, driving sales and engagement ahead of the Wicked film release. The instant win format is straightforward, appealing to consumers seeking immediate gratification.\n\nProposition Candidates\n\n1. Indulge in a Wicked Treat\n2. Win Your Movie Night\n3. Instant Movie Magic\n\nHooks (2‚Äì6 words)\n\nWin a Movie Ticket Instantly  \nIndulge and Win  \nMovie Night Magic  \n\nWhat We‚Äôd Lean On\n\nThe instant win mechanic is the promotion's backbone, providing immediate excitement and gratification. The tie-in with the Wicked film adds a layer of thematic engagement, appealing to families planning movie nights. The broad distribution across major retailers like Coles and Woolworths ensures visibility and accessibility.\n\nHypotheses for Evaluation\n\n1. The instant win mechanic will drive higher purchase volume due to its immediate reward.\n2. The movie tie-in will enhance brand engagement, particularly among families planning movie nights.\n3. The promotion will increase brand visibility and shelf presence in major retailers.\n\nEntry/Redemption (from brief): Buy 2 qualifying products, upload receipt\n\nOFFER_IQ (authoritative): verdict=REVIEW; score=4.9; hard_flags=none.\nPRIOR OPINION (authoritative; integrate lightly if still relevant):\nThe spring movie launch for Wicked Sister offers a chance to disrupt the frozen dessert market with a magical twist. This moment aligns perfectly with the upcoming Wicked: For Good film, capturing both the enchantment of cinema and the indulgence of desserts. As the market is set to grow at a 7.77% CAGR, seizing this opportunity can establish Wicked Sister as a category leader (Source: imarcgroup.com). Today, the plan works because it taps into the shopper‚Äôs desire for immediate gratification and shared experiences. The instant win mechanic aligns with the brand‚Äôs playful tone, while the film tie-in adds a layer of thematic magic. Retailers like Coles and Woolworths are primed for promotions that increase basket size without burdening staff (Source: coles.com.au). The cultural timing, with the film‚Äôs release, ensures heightened consumer interest and engagement. To improve, convert single movie tickets to double passes. This change enhances perceived value and emotional engagement, capitalizing on the film‚Äôs shared magic theme. Implement a daily winner cadence to maintain excitement and urgency, using digital channels to announce winners. This approach respects operational constraints and maximizes consumer touchpoints. The Strategist‚Äôs insight shows that a shared reward aligns with the cultural moment, increasing the promotion‚Äôs appeal. Retailers will appreciate the streamlined operations. No additional staff lift is reqred, as the digital-first approach ensures seamless integration. The buy-two mechanic promises increased basket size, defending freezer space against competitors like Streets and Sara Lee. The plan fits within current operational realities, ensuring retailer buy-in and support. To tighten, focus solely on the double pass upgrade. This pragmatic tweak maintains breadth while doubling emotional engagement, without altering store operations. For a stretch, introduce a hero overlay with grand prizes like a lury cinema experience. Fund this from the existing prize budget, adding aspiration without compromising the broad appeal. This bolder move enhances the fame overlay, aligning with the Wicked IP. ‚ÄúWin a Double Pass Instantly‚Äù ‚ÄúPurchase two, upload receipt, and win instantly.‚Äù\nRESEARCH SNAPSHOT (reuse-only; do not fabricate):\n{\"prize_count_observed_total\":0,\"prize_count_common\":[],\"recommendedHeroCount\":3}\nRESEARCH INSIGHTS (cite verbatim when useful):\n- Brand truth: Wicked Sister is leveraging the excitement of the upcoming 'Wicked: For Good' film by launching a limited-edition dessert pot range, aiming to drive consumer engagement through a movie-themed promotion. (insidefmcg.com.au)\n- Brand truth: The brand's promotion offers an instant win mechanic, where purchasing two packs of Wicked Sister products gives consumers a chance to win movie tickets, effectively incentivizing multi-pack purchases. (wickedsisterwin.com.au)\n- Shopper tension: Consumers are increasingly seeking convenience and indulgence, yet face cost-of-living pressures that may limit discretionary spending on premium desserts. (retail.org.au)\n- Shopper tension: While Wicked Sister positions itself as an everyday indulgence, the need to balance health-conscious choices with indulgence may create tension for health-aware consumers. (wickedsister.com.au)\n- Retailer reality: Coles and Woolworths dominate the retail landscape, with exclusive promotions like the Wicked Sister x Wicked campaign running through Woolworths, highlighting the retailer's clout in driving brand visibility. (coles.com.au)\n- Retailer reality: Freezer congestion in major supermarkets can limit shelf space for new product launches, making strategic partnerships with retailers crucial for visibility. (woolworths.com.au)\n\nYou must return ONE JSON object ONLY. No preamble, no markdown, no commentary.\n\nContext:\n- Audience: Australian brand, shopper, and retail stakeholders.\n- Tone: direct, premium, no clich√©s (‚Äúfriction‚Äù, ‚Äúprize ladder‚Äù). Use plain words like ‚Äúhassle‚Äù, ‚Äúchances‚Äù, ‚Äúmix of winners‚Äù, ‚Äúon pack‚Äù, ‚Äúin-store‚Äù, ‚ÄúPOS‚Äù.\n- The composer will turn this JSON into flowing prose; keep fields tight and specific.\n\nRequired top-level fields (all optionality MUST be honoured, but include your best effort):\n{\n  \"stance\": string,                           // strategist stance e.g. \"BALANCED\" | \"BOLD\" | \"CAUTIOUS\"\n  \"brand_position\": string,                   // e.g. \"LEADER\" | \"FOLLOWER\" | \"DISRUPTOR\"\n  \"creative_hook_current\": string | null,     // current line on the work/brief\n  \"creative_hook_better\": string | null,      // your sharper, shorter premium line (2‚Äì6 words) or null\n  \"mechanic\": string | null,                  // one-liner, e.g. \"Buy, scan QR, auto-entry\"\n  \"retailers\": string[] | null,               // names where relevant (e.g. \"Coles\", \"BWS\")\n  \"prizes\": {                                 // how the win feels\n    \"hero\": string | null,                    // e.g. \"Trip for two to Tokyo\"\n    \"hero_count\": number | null,              // integer if known\n    \"hero_value_band\": string | null,         // e.g. \"$5k‚Äì$10k\"\n    \"runner_ups\": string[] | null             // titles or shorthand, can be []\n  },\n  \"friction\": string | null,                  // free text hints re: hassle (e.g. \"receipt upload\", \"one screen\")\n  \"retailer_ops\": {                           // how stores are affected\n    \"staff_explainable\": boolean | null,      // can staff explain it in ~5s?\n    \"stock_risk\": \"low\"|\"medium\"|\"high\"|\"unknown\" | null,\n    \"auditability\": \"low\"|\"medium\"|\"high\"|\"unknown\" | null,\n    \"central_adjudication\": boolean | null    // winners handled centrally (preferred)\n  },\n  \"what_worked\": string[],                    // short observations (1 line each)\n  \"what_didnt\": string[],                     // short observations (1 line each)\n  \"risks\": string[],                          // e.g. \"people drop at proof upload\"\n  \"fixes\": string[],                          // practical changes in plain words\n\n  // Narrative drivers for the composer (use tight, specific lines)\n  \"ferrier_bets\": string[],                   // behavioural bets (cut hassle, habit, social proof, etc.)\n  \"droga_bets\": string[],                     // fame bets (two-word line, talkability, distinctive assets)\n\n  // PromoTrack\n  \"promotrack_applied\": string[],             // play names actually leaned on (use canonical names if provided)\n  \"promotrack_rejected\": string[],            // plays considered then parked (with a 2‚Äì5 word reason appended, if useful)\n\n  // Judgement drives verdict tone in the composer\n  \"judgement\": {\n    \"verdict\": \"GO\" | \"GO_WITH_CONDITIONS\" | \"NO-GO\",\n    \"because\": string                        // one-breath reason, one sentence\n  },\n\n  // Optional rebuild spec. Keep lines short; composer will render.\n  \"rebuild_spec\": {\n    \"hook_line\": string | null,\n    \"hooks\": string[] | null,                 // alternates, short premium lines\n    \"entry_path\": string | null,              // plain, e.g. \"QR ‚Üí one quick mobile screen ‚Üí auto-entry\"\n    \"cadence\": string | null,                 // e.g. \"Weekly prize moments + final hero\"\n    \"ladder\": any | null,                     // ignore structure; composer will describe as ‚Äúmix of winners‚Äù\n    \"fulfilment\": string | null,              // how winners are handled; keep stores out\n    \"compliance_line\": string | null,         // RSA/ABAC or standard guardrails\n    \"staff_script\": string | null             // 5-second in-store script\n  },\n\n  // Optionally propose one or more bolder takes (rule-bending)\n  \"bold_variants\": [\n    {\n      \"name\": string | null,                  // e.g. \"Two-word fame line + instant-win wall\"\n      \"idea\": string | null,\n      \"hypothesis\": string | null,\n      \"risks\": string[] | null,\n      \"mitigations\": string[] | null,\n      \"measures\": string[] | null,            // how we‚Äôll judge it (metrics/observables)\n      \"exit\": string | null                   // when to pull the pin\n    }\n  ]\n}\n\n// Rules:\n- Keep strings concise. Prefer one sentence per item.\n- Stay Australian in wording. Avoid buzzwords where a plain phrase works.\n- If a field is unknown, set it to null or [] as appropriate.\n- Do not output headings, markdown, or commentary ‚Äî return JSON only.\n\n// Example (illustrative only):\n{\n  \"stance\": \"BALANCED\",\n  \"brand_position\": \"FOLLOWER\",\n  \"creative_hook_current\": \"Win the ultimate summer escape\",\n  \"creative_hook_better\": \"Own Your Summer\",\n  \"mechanic\": \"Buy any 2, scan the QR, auto-entry\",\n  \"retailers\": [\"Coles\", \"Woolworths\"],\n  \"prizes\": {\n    \"hero\": \"Beach house weekender\",\n    \"hero_count\": 3,\n    \"hero_value_band\": \"$5k‚Äì$10k\",\n    \"runner_ups\": [\"$100 gift cards\", \"Cooler bags\"]\n  },\n  \"friction\": \"Receipt upload mentioned; prefer one quick mobile screen\",\n  \"retailer_ops\": {\n    \"staff_explainable\": true,\n    \"stock_risk\": \"low\",\n    \"auditability\": \"high\",\n    \"central_adjudication\": true\n  },\n  \"what_worked\": [\"Seasonal timing is spot on\", \"Brand assets are recognisable on pack\"],\n  \"what_didnt\": [\"Line is long and functional\", \"Chances feel thin without more winners\"],\n  \"risks\": [\"People will bail at proof step\", \"Travel fulfilment can drag if unclear\"],\n  \"fixes\": [\"Lose proof upload\", \"Add instant wins and weekly draws\", \"Publish total number of winners\"],\n\n  \"ferrier_bets\": [\"Cut the hassle to one clear mobile action\", \"Show a weekly rhythm so there‚Äôs a reason to come back\"],\n  \"droga_bets\": [\"Two-word fame line on pack\", \"Make the moment worth filming\"],\n\n  \"promotrack_applied\": [\"Weekly micro-win cadence\", \"Central adjudication\", \"Pre-packed POS kits\"],\n  \"promotrack_rejected\": [\"Price-off lookalike ‚Äî wrong signal\", \"Receipt upload ‚Äî too much hassle\"],\n\n  \"judgement\": { \"verdict\": \"GO_WITH_CONDITIONS\", \"because\": \"Great seasonal frame; tighten the line and make entry fast, with more visible winners.\" },\n\n  \"rebuild_spec\": {\n    \"hook_line\": \"Own Your Summer\",\n    \"hooks\": [\"Own Your Summer\", \"Make Summer Yours\"],\n    \"entry_path\": \"QR ‚Üí one quick mobile screen ‚Üí auto-entry\",\n    \"cadence\": \"Weekly prize moments plus a final hero\",\n    \"ladder\": {},\n    \"fulfilment\": \"Winners contacted centrally; no store adjudication\",\n    \"compliance_line\": \"Standard trade promo; if alcohol present, age gate and no consumption cues\",\n    \"staff_script\": \"Scan the QR on the pack and you‚Äôre in ‚Äî takes 20 seconds.\"\n  },\n\n  \"bold_variants\": [\n    {\n      \"name\": \"Two-word fame line + instant-win wall\",\n      \"idea\": \"A physical POS wall where packs light up instant wins when scanned\",\n      \"hypothesis\": \"In-store theatre drives talkability and repeat\",\n      \"risks\": [\"Operational set-up\", \"POS maintenance\"],\n      \"mitigations\": [\"Pilot in top 20 stores\", \"Dedicated merch support\"],\n      \"measures\": [\"Scan rate per store\", \"Repeat scans per shopper\", \"Lift vs control banners\"],\n      \"exit\": \"If scan rate <50/day after week one, roll back to static POS\"\n    }\n  ]\n}\n\nAdditions:\n- hook_why_change: string (what exactly is wrong with the *current* hook).\n- symbolism: string[] (‚â§5) if a clear cultural/national bridge exists.\n- proposition_hint: string if a tight commercial line is clear.\n- trade_priority: \"HIGH\"|\"LOW\". If trade truly matters here, set \"trade_priority\":\"HIGH\" and return \"trade_table\" (‚â§6 rows) with:\n[{ \"barrier\": \"...\", \"incentive\": \"...\", \"how_to_run\": \"...\", \"guardrail\": \"...\"? }].\nIf trade is not material, set \"trade_priority\":\"LOW\" and omit \"trade_table\".\nRules:\n- Do NOT invent retailer names or numbers.\n- If a value is unknown, use null or [].\n- Tie WHY/FIX statements to this campaign‚Äôs facts wherever possible.\n- Do NOT recommend cashback unless it already appears in BRIEF.\n- Return ONLY a valid JSON object.",
      "opinion_prompt": "Campaign: Wicked Sister ‚Äî Spring Movie Launch (Client: Wicked Sister)\nMarket: AU | Category: Frozen Desserts | Mode: FORWARD\nAssuredMode: NON_ASSURED\nVerdict to uphold: NO-GO\nPrize mode: BREADTH/CADENCE (no hero).\nFacts:\nBrand: Wicked Sister | Client: Wicked Sister | Hook: Win a Movie Ticket Instantly | Mechanic: Buy 2 products, upload receipts and discover instantly if you‚Äôve scored a movie ticket. | Promotion: INSTANT_WIN | Retailers: Coles, Woolworths, ALDI, IGA, 7-Eleven | Calendar: Spring | IP tie-in (licensed): Wicked ‚Äî For Good ‚Äî type: FILM ‚Äî window: November 2025 | Orientation: LIVE | RuleFlex: KEEP | Mode: FORWARD (future/in-flight) | Breadth/cadence winners present: ~2010.\nGuidance: Entry friction already approved ‚Äî keep mechanics as briefed.\nGuidance: Hero overlay encouraged ‚Äî tie fame to Wicked IP.\nOperational guardrails: Store teams have zero capacity ‚Äî no staff-run announcements, kiosks, or manual verification. Prize pool is fixed at 2010 passes; if you explore double passes, make clear the winner count drops to ~1005 on the same spend. Keep cadence visible through consumer-facing messaging (pack, digital, social), not store labour. Never suggest staff-run amplification, kiosks, or in-store terminals ‚Äî execution must run on consumer comms and zero additional store labour.\nBriefed entry mechanic: Buy 2 qualifying products, upload receipt. Keep the plan anchored in this flow.\nResearch hints:\nBrand truth: Wicked Sister is leveraging the excitement of the upcoming 'Wicked: For Good' film by launching a limited-edition dessert pot range, aiming to drive consumer engagement through a movie-themed promotion. (insidefmcg.com.au) | Brand truth: The brand's promotion offers an instant win mechanic, where purchasing two packs of Wicked Sister products gives consumers a chance to win movie tickets, effectively incentivizing multi-pack purchases. (wickedsisterwin.com.au) | Shopper tension: Consumers are increasingly seeking convenience and indulgence, yet face cost-of-living pressures that may limit discretionary spending on premium desserts. (retail.org.au) | Shopper tension: While Wicked Sister positions itself as an everyday indulgence, the need to balance health-conscious choices with indulgence may create tension for health-aware consumers. (wickedsister.com.au) | Retailer reality: Coles and Woolworths dominate the retail landscape, with exclusive promotions like the Wicked Sister x Wicked campaign running through Woolworths, highlighting the retailer's clout in driving brand visibility. (coles.com.au) | Retailer reality: Freezer congestion in major supermarkets can limit shelf space for new product launches, making strategic partnerships with retailers crucial for visibility. (woolworths.com.au) Recommended hero-prize count: 3 (perceived odds; invest remainder into breadth/instants). Double-pass scenario would deliver ~1005 winners on the same 2010 tickets.\nFraming (authoritative; do not restate, use to inform tone):\nWhere the Demand Is\n\nSpring in Australia is a time of renewal and fresh starts. Consumers are drawn to lighter, indulgent treats as the weather warms up. The frozen dessert market is expanding, with a projected growth rate of 5.4% from 2024 to 2034 (Source: globalinsightservices.com). This growth is driven by a desire for convenient yet premium dessert options. As grocery shopping trends shift towards convenience and indulgence, Wicked Sister is well-positioned to capture attention with its movie-themed promotion.\n\nWho It‚Äôs For & What Stops Them\n\nThe primary audience includes grocery buyers who enjoy treating their families to indulgent desserts. They plan movie nights and share their dessert finds on social media. However, cost-of-living pressures can limit their spending on premium items (Source: retail.org.au). Health-conscious consumers might also hesitate, balancing indulgence with health considerations. These buyers seek value and convenience, making instant win promotions appealing.\n\nCompetitor Map\n\nStreets and Sara Lee are key competitors in the frozen dessert category. Streets maintains a strong presence with classic offerings, while Sara Lee focuses on indulgent, ready-to-serve desserts. Rokeby Farms, with its high-protein products, appeals to health-conscious consumers, potentially diverting attention from more indulgent options (Source: rokebynutrition.com). Wicked Sister's unique movie tie-in and instant win mechanic differentiate it by offering an experiential reward.\n\nBrand Lens (truth, codes to lean/break)\n\nWicked Sister embodies everyday indulgence, aligning with family movie nights through its movie-themed promotions. The brand breaks away from complex entry mechanics and single mega-prizes, focusing instead on instant wins and family rewards. Wicked Sister‚Äôs playful and exciting tone of voice emphasizes the thrill of winning, while its distinctive assets include movie-themed packaging and indulgent dessert messaging.\n\nThe Idea As It Stands\n\nThe current promotion invites consumers to buy two packs of Wicked Sister products for a chance to instantly win a movie ticket. This mechanic encourages multi-pack purchases, driving sales and engagement ahead of the Wicked film release. The instant win format is straightforward, appealing to consumers seeking immediate gratification.\n\nProposition Candidates\n\n1. Indulge in a Wicked Treat\n2. Win Your Movie Night\n3. Instant Movie Magic\n\nHooks (2‚Äì6 words)\n\nWin a Movie Ticket Instantly  \nIndulge and Win  \nMovie Night Magic  \n\nWhat We‚Äôd Lean On\n\nThe instant win mechanic is the promotion's backbone, providing immediate excitement and gratification. The tie-in with the Wicked film adds a layer of thematic engagement, appealing to families planning movie nights. The broad distribution across major retailers like Coles and Woolworths ensures visibility and accessibility.\n\nHypotheses for Evaluation\n\n1. The instant win mechanic will drive higher purchase volume due to its immediate reward.\n2. The movie tie-in will enhance brand engagement, particularly among families planning movie nights.\n3. The promotion will increase brand visibility and shelf presence in major retailers.\n\nEntry/Redemption (from brief): Buy 2 qualifying products, upload receipt\n\nOFFER_IQ (authoritative): verdict=REVIEW; score=4.9; hard_flags=none.\nEvaluator JSON (authoritative fields; use to reason, not to quote):\n{\"hookLine\":\"Double the Movie Magic\",\"mechLine\":\"Buy 2 products, upload receipt, win instantly\",\"symbolism\":[\"Family movie nights\",\"Spring renewal\",\"Cinema magic\"],\"proposition_hint\":\"Enhance shared experiences with double passes.\",\"trade_priority\":\"HIGH\",\"trade_table\":[],\"when_reflective\":false,\"run_again_moves\":[],\"majorPrizeOverlay\":null,\"cashbackHeadline\":null,\"cashbackBanded\":false,\"prizePresence\":\"BREADTH_ONLY\"}\nHook candidates (draw from these; keep any ‚Äúdouble pass‚Äù promise intact):\n- double the movie magic\n- movie night for two ‚Äî 1,000 double passes.\n- two desserts. two seats. every hour.\n- dessert doubles your tickets.\n- upload & share the cinema night.\nWrite a concise evaluation using this exact template. Keep each section to two sentences or fewer unless noted.\nVerdict ‚Äî one sentence that names the judgement and the cultural/commercial why.\nWhy it works ‚Äî max two sentences tying brand truth, shopper tension, and timing.\nWhere it breaks ‚Äî max two sentences naming the hardest flaws.\nFix it ‚Äî max two sentences with the concrete plan to repair those flaws.\nRetailer reality ‚Äî max two sentences showing the buyer why this earns easy range with zero staff lift.\nIf you recommend turning single tickets into double passes, state plainly that the winner count halves while perceived value doubles; never imply winner count stays flat.\nTighten ‚Äî one sentence: the pragmatic tweak we ship now.\nStretch ‚Äî one sentence: the bolder, still store-safe move.\nHook upgrade ‚Äî one sentence that states why the current hook (‚ÄúDouble the Movie Magic‚Äù) fails and what the stronger angle is.\nHook shortlist ‚Äî list exactly five lines starting with \"- \" that evolve the candidates above. Each hook must reinforce the shared double-pass promise or instant win clarity; avoid inventing unrelated slogans.\nMeasurement ‚Äî one sentence naming the single metric watched first.\nPack line ‚Äî provide a 2‚Äì6 word line in quotes.\nStaff line ‚Äî provide a ‚â§5 second staff script in quotes.\nRules: no other headings, no extra bullets, no filler. Cite sources inline (‚ÄúSource: ‚Ä¶‚Äù) whenever you quote data.",
      "diag_raw": "{\n  \"stance\": \"BOLD\",\n  \"brand_position\": \"DISRUPTOR\",\n  \"creative_hook_current\": \"Win a Movie Ticket Instantly\",\n  \"creative_hook_better\": \"Double the Movie Magic\",\n  \"mechanic\": \"Buy 2 products, upload receipt, win instantly\",\n  \"retailers\": [\"Coles\", \"Woolworths\", \"ALDI\", \"IGA\", \"7-Eleven\"],\n  \"prizes\": {\n    \"hero\": null,\n    \"hero_count\": null,\n    \"hero_value_band\": null,\n    \"runner_ups\": [\"Movie tickets\", \"Double passes\"]\n  },\n  \"friction\": \"Receipt upload required; streamline with one-screen entry\",\n  \"retailer_ops\": {\n    \"staff_explainable\": true,\n    \"stock_risk\": \"low\",\n    \"auditability\": \"high\",\n    \"central_adjudication\": true\n  },\n  \"what_worked\": [\"Instant win mechanic for immediate engagement\", \"Wicked film tie-in aligns with brand\"],\n  \"what_didnt\": [\"Single ticket feels low value\", \"Receipt upload adds unnecessary hassle\"],\n  \"risks\": [\"Drop-off at receipt upload step\"],\n  \"fixes\": [\"Switch to double passes for better perceived value\", \"Simplify to one-screen entry without upload\"],\n  \"ferrier_bets\": [\"Cut hassle with one-step mobile entry\", \"Increase perceived value with double passes\"],\n  \"droga_bets\": [\"Two-word fame line\", \"Align with Wicked film's magic\"],\n  \"promotrack_applied\": [\"Central adjudication\", \"Pre-packed POS kits\"],\n  \"promotrack_rejected\": [\"Receipt upload ‚Äî too much hassle\"],\n  \"judgement\": {\n    \"verdict\": \"GO_WITH_CONDITIONS\",\n    \"because\": \"Simplifying entry and increasing prize value will enhance appeal and engagement.\"\n  },\n  \"rebuild_spec\": {\n    \"hook_line\": \"Double the Movie Magic\",\n    \"hooks\": [\"Double the Movie Magic\", \"Instant Double Delight\"],\n    \"entry_path\": \"One quick mobile screen ‚Üí auto-entry\",\n    \"cadence\": \"Daily instant wins\",\n    \"ladder\": {},\n    \"fulfilment\": \"Winners contacted centrally; no store adjudication\",\n    \"compliance_line\": \"Standard trade promo; no consumption cues\",\n    \"staff_script\": \"Buy two, scan, and win a double pass instantly.\"\n  },\n  \"bold_variants\": [\n    {\n      \"name\": \"Instant-win wall\",\n      \"idea\": \"Physical POS wall where packs light up instant wins when scanned\",\n      \"hypothesis\": \"In-store theatre drives talkability and repeat\",\n      \"risks\": [\"Operational set-up\", \"POS maintenance\"],\n      \"mitigations\": [\"Pilot in top 20 stores\", \"Dedicated merch support\"],\n      \"measures\": [\"Scan rate per store\", \"Repeat scans per shopper\"],\n      \"exit\": \"If scan rate <50/day after week one, roll back to static POS\"\n    }\n  ],\n  \"hook_why_change\": \"Single ticket lacks emotional pull; double passes enhance shared experience.\",\n  \"symbolism\": [\"Family movie nights\", \"Spring renewal\", \"Cinema magic\"],\n  \"proposition_hint\": \"Enhance shared experiences with double passes.\",\n  \"trade_priority\": \"LOW\"\n}",
      "guards": {
        "forbidHeroPrize": false,
        "breadthOnly": true,
        "breadthCount": 2010,
        "reusedResearch": true
      }
    },
    "kind": "eval-prose-au",
    "codeVersion": "v4-eval-prose-au-locked",
    "symbolism": [
      "Family movie nights",
      "Spring renewal",
      "Cinema magic"
    ],
    "proposition_hint": "Enhance shared experiences with double passes.",
    "hook_why_change": "Single ticket lacks emotional pull; double passes enhance shared experience.",
    "when_reflective": false,
    "run_again_moves": [],
    "hooksRecommended": [
      "double the movie magic",
      "movie night for two ‚Äî 1,000 double passes.",
      "two desserts. two seats. every hour.",
      "dessert doubles your tickets.",
      "upload & share the cinema night."
    ],
    "ideationHarness": null
  },
  "opinionMeta": {
    "kind": "opinion.v1",
    "stance": "DECISIVE",
    "calls": {
      "go": [
        "Convert single tickets to double passes for shared family experiences."
      ],
      "no_go": [
        "Single movie ticket lacks perceived value for family-centric promotion."
      ]
    },
    "risks": [
      "Perceived value may not meet family expectations."
    ],
    "retailer_incentives": [
      "Increased foot traffic with double pass offer."
    ],
    "hook_alternatives": [
      "Double the Movie Magic",
      "Two Desserts. Two Tickets.",
      "Movie Night for Two.",
      "Cinema Nights, Doubled Delight."
    ],
    "offerIQ": {
      "score": 4.8,
      "verdict": "REVIEW",
      "confidence": 0.5,
      "lenses": {
        "adequacy": {
          "score": 4.5,
          "why": "Expected buyers/entries not provided; adequacy judged via cadence and visibility.",
          "fix": "Add: expected buyers/entries and total winners, or show ‚ÄúTotal winners‚Äù and cadence in communications."
        },
        "simplicity": {
          "score": 6.5,
          "why": "Some admin implied (fields/proof or wait time).",
          "fix": "Keep claim one-screen; limit fields; good OCR; publish timelines."
        },
        "certainty": {
          "score": 3.7,
          "why": "Perceived odds unclear; cadence thin.",
          "fix": "Show cadence and ‚ÄúTotal winners‚Äù; avoid fine print that hides odds."
        },
        "salience": {
          "score": 4,
          "why": "Needs a visible moment or total-winners headline.",
          "fix": "Publish ‚ÄúTotal winners‚Äù and name the cadence; add a bold moment line."
        },
        "talkability": {
          "score": 5,
          "why": "Seasonal hook helps.",
          "fix": "Add a brand-right experiential or symbolic angle."
        },
        "retailerFit": {
          "score": 6,
          "why": "Ensure any adjudication is central; ship pre-packed POS.",
          "fix": "Keep staff script ‚â§5s; no in-store adjudication."
        },
        "brandFit": {
          "score": 5,
          "why": "Feels generic; weak brand lock.",
          "fix": "Lock line and visuals to distinctive assets and the brand‚Äôs functional truth."
        }
      },
      "hardFlags": [],
      "recommendations": [
        "Add: expected buyers/entries and total winners, or show ‚ÄúTotal winners‚Äù and cadence in communications.",
        "Keep claim one-screen; limit fields; good OCR; publish timelines.",
        "Publish ‚ÄúTotal winners‚Äù and name the cadence; add a bold moment line.",
        "Publish ‚ÄúTotal winners‚Äù and show cadence prominently.",
        "Add visible cadence (instant or weekly) to match in-market fairness signals."
      ],
      "asks": [
        "Provide expected buyers/entries (range)."
      ],
      "mode": "PRIZE",
      "diagnostics": {
        "valueAmount": 0,
        "aspAnchor": 100,
        "expectedBuyers": null,
        "totalWinners": 2010,
        "coverageRate": null,
        "cadenceSignals": false,
        "symbolicSignals": false,
        "headlineMax": 0,
        "banded": false,
        "overlay": false,
        "overlayExperiential": false,
        "overlayLabel": "",
        "researchBenchmarks": {
          "heroPrize": {
            "median": 35.5,
            "mode": 1
          },
          "cadenceShare": {
            "instant": 0.3529411764705883,
            "weekly": 0.2352941176470588,
            "daily": 0.4117647058823529
          },
          "manyWinnersShare": 0,
          "prizeCountsObserved": {
            "total": 10,
            "common": [
              {
                "count": 1,
                "share": 0.2
              },
              {
                "count": 150,
                "share": 0.2
              },
              {
                "count": 3,
                "share": 0.1
              }
            ]
          },
          "recommendedHeroCount": 3,
          "positionVsMarket": "UNKNOWN"
        },
        "cashbackVsMarket": "UNKNOWN",
        "heroVsMarket": "UNKNOWN"
      }
    }
  },
  "hooksTop": [],
  "extrasAll": [
    {
      "type": "hooks",
      "title": "hooks",
      "content": "1. **Taste the Magic, Win the Night!** ‚Äî This line directly connects the indulgence of dessert with the thrill of a movie experience, creating excitement around both elements.\n\n2. **Dessert Dreams Meet Wicked Wins!** ‚Äî Evokes a sense of fantasy while emphasizing the chance to win, appealing to consumers‚Äô desires for both treats and experiences.\n\n3. **Unlock a Night at the Movies!** ‚Äî Leverages the idea of discovery and opportunity, inviting consumers to participate in a rewarding experience.\n\n4. **Indulge and Instantly Win Wicked Surprises!** ‚Äî The use of 'instantly' enhances the promotional urgency while aligning with the indulgent nature of the product.\n\n5. **Sweet Treats, Sweet Wins: Join the Wicked Fun!** ‚Äî This tagline positions the promotion as part of a collective experience, encouraging shared participation.\n\n6. **Win the Ultimate Movie Night Experience!** ‚Äî Highlights a desirable outcome that resonates with family-oriented consumers looking to enhance their home entertainment.\n\n7. **Dive into Delicious Desserts and Wicked Wins!** ‚Äî Conveys the excitement of indulgence while emphasizing the potential for winning, creating a sense of adventure.\n\n8. **Scoop Up Sweet Rewards with Wicked Sisters!** ‚Äî Invokes a playful tone while reinforcing the brand identity, cementing the connection between dessert and winning.\n\n9. **Your Ticket to a Magical Movie Night Awaits!** ‚Äî Suggests that participation is not just about dessert, but about creating memorable experiences, enhancing perceived value.\n\n10. **Grab a Spoon, Grab a Chance at Wicked Prizes!** ‚Äî Combines the act of indulging in desserts with the excitement of winning, making it effortless and engaging.\n\n11. **Indulgence Meets Instant Gratification: Join the Wicked Experience!** ‚Äî This tagline captures the essence of the campaign, appealing to modern consumers' craving for both luxury and immediacy.\n\n12. **Feel the Magic ‚Äî Win Big with Wicked Sisters!** ‚Äî Ties the emotional resonance of the film experience to the promotion, creating an engaging narrative for consumers.\n\n13. **Delight in Every Scoop, Win Every Time!** ‚Äî Reinforces the idea of enjoyment with the added incentive of winning, promoting an ongoing relationship with the product.\n\n14. **Join the Dessert Revolution: Win Wickedly Instant Prizes!** ‚Äî Positions the promotion as trendy and exciting, appealing to consumers looking for new experiences.\n\n15. **Experience the Enchantment: Win Wicked Movie Magic!** ‚Äî Playfully connects the campaign to the film's themes, creating a sense of anticipation and excitement.\n\n16. **Unwrap the Magic of Wicked Prizes with Every Bite!** ‚Äî Suggests that each dessert brings the possibility of winning, reinforcing the idea of enchantment.\n\n17. **Your Dessert Just Became a Treasure Hunt for Wicked Wins!** ‚Äî Adds an element of adventure and surprise to the act of indulging in desserts, enticing engagement.\n\n18. **Taste the Adventure, Win the Night with Wicked Sisters!** ‚Äî Enhances the campaign's call to action by framing it in terms of exploration and excitement.\n\n19. **Sweeten Your Movie Nights with Instant Wicked Wins!** ‚Äî Directly appeals to family-centered moments, making desserts a part of treasured experiences.\n\n20. **Dare to Dream: Indulge in Desserts and Win Wickedly!** ‚Äî Encourages consumers to embrace their desires while promising tangible rewards, fostering a sense of aspiration."
    }
  ],
  "champion": null
}